2253 3195
24 304 74 332 An.
91 303 120 330 C.
139 303 205 331 1602

832 305 978 328 CLEMENS
998 305 1055 328 vul
1076 305 1126 328 PP.

220 357 365 384 mentum
387 352 540 395 Baptismi
567 352 676 395 pueris
697 353 886 389 conserens2
911 345 961 384 cui

218 415 276 448 pro
293 404 409 437 salario
424 411 453 437 et
471 405 703 437 sustentatione
719 405 961 438 (1011111111510111-

218 458 348 501 poralis,
378 458 433 501 qui
463 459 524 491 (lux
550 464 595 491 cst
613 458 659 491 ‘de
686 459 852 501 Maqucda,
887 459 962 490 duo-

219 512 322 544 decim
347 512 446 544 h'bras
470 518 499 545 et
520 513 691 545 duodecim
723 512 864 549 solidos,
891 512 962 544 uni-

218 565 349 597 versitas
370 575 443 598 vero
464 566 609 598 suburbii
643 565 776 608 praefati
798 566 908 597 decem
931 570 959 597 et

219 623 291 650 octo
327 618 425 650 libras
462 624 489 651 et
523 629 636 651 novem
670 618 788 651 solidos
820 618 961 650 tribuere

220 677 474 709 consueverunt,
504 671 556 703 illc
580 671 704 704 ratione
727 671 837 704 tertiae
862 671 961 714 partis

221 724 433 761 decimarum„
456 735 551 767 quam
580 736 616 757 ex
637 735 674 757 00
696 725 846 762 termino,
870 724 962 757 aesti-

222 778 363 810 matione
395 778 482 810 mille
515 777 764 820 quingentarum
791 777 958 816 libiarmn,

220 830 345 874 recipi&
366 831 444 863 haec
466 841 541 863 vero
560 841 620 874 pro
643 830 804 873 primitiis,
833 842 912 874 (luas
931 831 960 862 in

221 885 378 917 fructibus
411 886 534 917 solvere
567 885 699 918 minime
727 885 820 917 solita
847 891 902 917 est,
927 885 961 917 Et

221 937 375 981 quoniam
400 938 490 970 valde
512 943 765 970 consentaneum
799 943 845 969 est
877 938 962 980 quod

221 990 346 1023 noviter
366 991 405 1023 ad
437 990 534 1023 sidem
564 990 708 1024 conversi
734 990 884 1033 neophyti
918 990 964 1022 in-

222 1043 365 1076 struendi
403 1044 573 1087 proprium
620 1049 783 1087 pastorem
810 1049 837 1075 et
871 1053 965 1086 paro-

223 1097 319 1129 cbum
342 1097 505 1136 habeant,
530 1097 583 1139 qui
610 1097 721 1139 lupum
755 1106 819 1128 non
840 1096 961 1133 timeat,

222 1151 278 1183 sed
304 1161 362 1193 pro
377 1150 490 1183 ovibus
510 1150 606 1182 vitam
628 1150 808 1193 impendam
838 1155 965 1193 oportet

223 1204 310 1246 quod
332 1203 363 1235 in
396 1203 532 1236 ecclesia
557 1203 690 1246 praefati
716 1203 862 1235 suburbii
884 1213 966 1234 unus

223 1262 330 1289 rector
349 1267 405 1289 seu
425 1256 587 1299 parochus
606 1261 781 1299 perpetuus
794 1255 965 1288 constitua-

225 1315 285 1349 tur,
309 1309 363 1352 qui
386 1309 472 1341 illam
486 1320 544 1352 per
562 1319 768 1347 concursum,
793 1308 966 1341 institutio-

225 1373 299 1396 nem
331 1368 362 1395 et
392 1362 598 1395 collationem
632 1362 794 1401 obtineat;
823 1361 873 1394 cui
907 1372 966 1404 pro

225 1421 317 1459 parte
349 1415 432 1447 dotis
463 1415 666 1458 applicentur
689 1421 719 1447 et.
740 1420 891 1447 maneant
912 1425 965 1457 ap-

225 1468 361 1512 plicatae
383 1468 415 1500 in
436 1473 630 1511 perpetuum
647 1468 811 1511 praefatae
838 1467 966 1509 triginta

226 1530 289 1552 una
313 1519 415 1552 librae
436 1525 467 1552 et
486 1530 569 1552 unus
601 1519 734 1558 solidus,
752 1524 783 1551 et
803 1519 889 1562 quod
911 1529 966 1551 au-

226 1578 363 1614 geantur
375 1573 455 1605 aliae
468 1573 631 1614 sexaginta
644 1583 758 1605 novem
779 1572 892 1611 librae,
914 1573 967 1605 de-

227 1636 297 1659 cem
320 1631 351 1658 et
371 1636 484 1659 novem
505 1625 599 1659 solidi
627 1627 667 1659 ad
692 1627 965 1669 complementum

226 1685 355 1712 centum
388 1679 564 1718 librarum,
589 1680 650 1712 hoc
676 1679 824 1712 videlieet
845 1680 964 1712 modo:

226 1733 312 1776 quod
337 1732 528 1765 universitas
552 1732 715 1775 praedicta
736 1732 834 1764 solvat
857 1732 966 1765 decem

227 1792 258 1819 et
286 1791 408 1829 septem
440 1786 538 1818 libras
575 1791 606 1818 et
638 1785 789 1818 undecim
826 1785 965 1825 solidos,

227 1849 306 1882 quas
337 1849 441 1882 nuper
471 1838 651 1871 voluntarie
683 1849 715 1871 se
751 1838 905 1880 obligavit
937 1838 968 1870 in

226 1897 419 1936 perpetuum
439 1892 516 1925 dare
533 1892 706 1935 quotannis
727 1892 834 1924 futuro
852 1891 968 1924 rectori

228 1947 352 1979 ratione
372 1947 613 1990 primitiarum,
645 1957 724 1989 quas
755 1946 786 1978 in
813 1945 969 1978 fructibus

227 2010 293 2032 non
319 1995 477 2033 reddunt:
509 1999 619 2042 sicque
641 1999 790 2032 cumillis
811 1999 921 2031 decem
941 2003 971 2030 et

220 2058 301 2085 -octo
319 2052 411 2085 libris
437 2058 467 2085 et
494 2063 608 2085 novem
633 2052 754 2092 solidis,
778 2063 857 2095 quas
877 2058 970 2084 antea

228 2105 405 2146 solvebant,
434 2116 519 2138 nunc
546 2105 673 2146 triginta
695 2116 748 2137 sex
768 2104 866 2137 libras
890 2115 966 2148 per«

228 2159 364 2192 solvunt.
389 2160 503 2192 Decem
526 2159 627 2192 librae
652 2164 820 2191 sumantur
848 2164 878 2191 et
899 2169 967 2201 ap-

228 2212 389 2256 plicentur
409 2213 447 2245 de
467 2212 624 2245 reditibus
645 2218 673 2245 ct
703 2212 867 2252 censibus,
891 2222 971 2255 quos

229 2266 363 2299 ecclesia
394 2266 554 2309 possidet,
589 2265 644 2309 qui
679 2276 838 2298 summam
872 2265 968 2308 quin-

229 2319 382 2362 quaginta
401 2318 556 2351 librarum
583 2318 753 2360 attingunt.
778 2318 883 2350 Mensa
907 2317 970 2360 epi-

229 2371 365 2415 scopalis
396 2371 569 2408 Oriolensis
601 2372 701 2404 solvat
728 2370 972 2414 quatuordecim

229 2424 327 2457 libras
359 2429 390 2456 et
419 2435 472 2456 sex
493 2424 623 2456 solidos.
655 2424 760 2456 Mensa
788 2423 973 2466 capitularis

230 2477 331 2509 solvat
355 2476 525 2510 duodecim
548 2477 645 2509 libras
673 2483 703 2509 et
729 2476 973 2520 quatuordecim

231 2529 361 2563 solidos.
377 2530 510 2562 Fabrica
524 2530 676 2563 ecclesian
691 2529 884 2573 parochialis
898 2530 974 2561 Bea-

233 2588 282 2615 tae
307 2583 424 2615 Mariae
449 2583 488 2616 de
509 2582 617 2616 Eliclie
638 2588 700 2615 tres
721 2583 830 2622 libras,
855 2582 975 2615 tresde-

233 2636 293 2669 cim
313 2636 433 2669 solidos
462 2642 491 2669 et
511 2641 651 2679 quatuor
672 2636 831 2673 denarios
857 2635 977 2667 sabi-iva

232 2689 428 2733 parochialis
458 2690 488 2723 S.
524 2690 697 2723 Salvatoris
727 2689 841 2722 libram
865 2698 974 2728 uuam,

996 352 1154 385 sexdecim
1181 352 1300 385 solidos
1333 357 1364 384 et
1392 357 1464 384 octo
1486 351 1645 384 denarios.
1667 351 1735 383 Duo

996 405 1176 438 beneficiati
1206 405 1235 438 S.
1260 405 1374 438 Mariae
1406 405 1548 448 quinque
1578 404 1675 437 libras
1706 409 1737 436 et

996 464 1134 502 quatuor
1154 459 1271 492 solidos
1290 469 1391 501 aequa
1412 458 1570 501 portione.
1592 459 1660 491 Duo
1681 458 1736 490 be-

996 512 1135 544 neficiati
1146 512 1174 545 S.
1188 511 1358 545 Salvatoris
1372 512 1450 544 duas
1462 511 1559 543 libras
1573 516 1603 543 et
1616 511 1737 543 duode—

996 565 1055 597 cim
1071 565 1190 598 solidos
1208 575 1311 608 aequa
1325 565 1484 608 portione.
1499 564 1646 597 Studium
1669 569 1736 596 tan-

996 620 1067 651 dem
1091 619 1238 660 generale
1258 617 1491 651 Valentinensis
1515 618 1616 650 solvat
1639 627 1736 651 unam

996 672 1109 704 libram
1126 677 1156 704 et
1175 672 1255 704 duos
1277 671 1405 704 solidos.
1424 671 1541 704 Omnes
1563 671 1737 714 respective

997 725 1119 758 ratione
1140 725 1239 768 partis
1260 724 1476 763 decimarum,
1499 734 1594 767 quam
1616 724 1647 756 in
1671 729 1734 756 ter-

997 778 1108 811 ritorio
1129 778 1168 811 de
1189 777 1297 811 Eliche
1322 777 1491 819 colligunt:
1513 787 1595 820 quae
1616 776 1737 810 dotatio

997 837 1124 863 centum
1157 831 1312 863 librarum
1341 841 1413 863 cum
1444 830 1671 863 emolumentis
1701 840 1737 862 ex

996 884 1077 927 pede
1095 884 1203 916 altaris
1220 883 1482 927 provenientibus
1503 883 1665 916 sufficiens
1677 888 1733 916 est:

979 937 1117 974 ‚reditus
1148 948 1224 970 vero
1254 943 1285 970 et
1316 937 1397 979 agri,
1428 937 1481 980 qui
1511 937 1587 969 olim
1610 937 1736 969 suerunt

999 991 1187 1033 mesquitae,
1212 1001 1271 1034 per
1292 1000 1500 1023 oeconomum
1526 997 1556 1022 et
1576 994 1737 1022 rectorem

980 1044 982 1081 ἰ
999 1044 1151 1076 ecclesiae
1169 1043 1453 1083 administrentur,
1477 1048 1509 1075 et
1528 1043 1663 1075 ecclesia
1682 1052 1740 1075 no-

998 1108 1046 1137 va,
1071 1097 1160 1129 cuius
1181 1097 1391 1129 fundamenta
1412 1096 1493 1129 iacta
1510 1102 1594 1135 sunt,
1618 1096 1735 1129 citissi-

1000 1160 1050 1181 me
1060 1149 1249 1182 aedificetur
1258 1149 1403 1193 expensis
1415 1149 1640 1188 universitatis,
1654 1148 1739 1181 iuxta

999 1203 1135 1235 sormam
1173 1203 1370 1244 designatam
1387 1214 1394 1241 ·,
1428 1212 1530 1245 quae,
1569 1206 1738 1245 postquam

1000 1246 1188 1288 doiistiniata
1219 1255 1314 1287 fuerit
1328 1282 1335 1295 ,
1367 1255 1420 1287 illa
1452 1265 1533 1297 quae
1569 1254 1646 1286 olim
1673 1260 1741 1287 erat

1001 1309 1170 1352 mesqussa,
1187 1308 1241 1341 ubi
1259 1318 1345 1341 nunc
1359 1308 1455 1341 missa
1477 1308 1669 1347 celebratur,
1694 1307 1741 1339 di-

1002 1368 1125 1401 ruatur,
1146 1372 1185 1394 ne
1207 1361 1366 1404 reliquum
1382 1361 1422 1393 sit
1442 1361 1610 1403 vestigium
1631 1365 1742 1393 etme-

1002 1415 1103 1448 moria
1121 1414 1247 1458 penitus
1268 1414 1446 1447 aboleatur.

1333 1492 1430 1535 Aspe.

1045 1572 1206 1616 Oppidum
1218 1572 1303 1615 Aspe
1315 1576 1474 1604 trecentas
1488 1571 1671 1613 octuaginta
1690 1582 1743 1604 sex

1003 1627 1146 1659 continet
1167 1626 1281 1658 domos
1311 1625 1437 1657 noviter
1457 1626 1497 1657 ad
1519 1624 1615 1658 fidem
1634 1625 1743 1658 catho-

1004 1680 1097 1712 licam
1116 1689 1359 1717 conversorum,
1385 1683 1413 1710 et
1436 1678 1640 1722 septuaginta
1659 1683 1744 1711 vete-

1003 1744 1074 1765 rum
1087 1732 1349 1771 christianorum,
1361 1741 1473 1763 omnes
1485 1741 1656 1763 numerum
1671 1742 1745 1774 qua-

1004 1786 1248 1827 dringentarum
1269 1783 1505 1827 quinquaginta
1521 1795 1573 1816 sex
1588 1783 1740 1816 efficiunt.

1003 1840 1036 1872 In
1059 1849 1096 1871 eo
1118 1844 1164 1871 est
1177 1837 1370 1881 parochialis
1391 1830 1524 1870 ecclesia
1544 1837 1603 1870 sub
1618 1837 1746 1870 invoca-

1005 1893 1091 1925 tione
1117 1892 1146 1925 S.
1171 1890 1306 1931 Mariae,
1335 1901 1373 1923 ea
1390 1890 1538 1923 videlicet
1566 1901 1647 1934 quae
1668 1891 1744 1923 olim

1004 1946 1107 1977 suerat
1137 1944 1320 1976 Maurorum
1353 1942 1533 1986 mesquita,
1569 1948 1601 1975 ut
1624 1953 1660 1975 ex
1678 1943 1745 1975 eius

1004 2003 1165 2031 structura
1193 2001 1337 2040 apparet.
1368 1995 1557 2029 Animarum
1588 2006 1665 2029 cura
1688 2006 1746 2039 per

1005 2052 1084 2084 duos
1104 2049 1309 2094 presbyteros
1326 2049 1552 2089 mercenarios,
1566 2049 1605 2081 de
1619 2049 1746 2082 licentia

1004 2104 1176 2144 Ordinarii,
1201 2102 1353 2136 deserviri
1375 2103 1468 2135 solita
1494 2107 1560 2134 est:
1585 2112 1643 2145 pro
1665 2112 1745 2145 quo-

1007 2168 1077 2190 rum
1109 2157 1340 2190 sustentatione
1367 2162 1397 2188 et
1428 2155 1566 2195 salario,
1596 2155 1746 2189 dominus

1006 2211 1211 2254 temporalis,
1237 2210 1297 2242 dux
1331 2210 1369 2241 de
1401 2209 1578 2251 lllaqueda,
1602 2208 1747 2241 marchio

1007 2265 1045 2297 dc
1065 2264 1186 2303 Eliche,
1210 2262 1501 2304 sexagintanovem
1516 2261 1614 2293 libras
1637 2272 1748 2294 mone-

1008 2324 1056 2350 tae
1075 2316 1306 2349 Yalentinensis
1324 2316 1401 2349 dare
1421 2320 1452 2348 et
1471 2315 1593 2347 solvere
1612 2325 1748 2347 consue-

1008 2371 1060 2410 vit,
1093 2369 1216 2401 rat10ne
1246 2369 1408 2401 fructuum
1436 2367 1580 2399 onmimn
1603 2367 1746 2400 decima-

1009 2423 1098 2462 lium,
1124 2432 1205 2465 quos
1230 2432 1265 2454 ex
1287 2421 1494 2454 concessione
1516 2421 1693 2464 apostolica
1713 2432 1747 2453 ex

1009 2477 1122 2509 eodem
1155 2475 1275 2518 oppido
1303 2474 1445 2516 colligit,
1470 2474 1524 2517 qui
1546 2475 1585 2507 ad
1607 2474 1746 2507 valorem

1011 2530 1096 2562 mille
1115 2528 1424 2572 quadringentarum
1452 2527 1607 2559 librarum
1626 2538 1749 2560 amuta-

1012 2583 1064 2615 tim
1097 2582 1291 2621 ascendunt,
1317 2581 1431 2614 virtute
1460 2581 1554 2614 etiam
1582 2581 1748 2614 cuiusdam

1011 2634 1204 2667 concordiae
1219 2634 1302 2666 inter
1316 2633 1503 2677 episcopum
1522 2639 1552 2666 ct
1573 2633 1747 2676 capitulum

1012 2686 1260 2729 carthaginense
1272 2697 1307 2720 ex
1325 2697 1398 2727 una,
1414 2692 1442 2720 et
1462 2687 1495 2719 D.
1508 2687 1660 2720 loannem
1674 2686 1750 2719 lluiz

1643 293 1706 326 837
1752 302 1800 328 An.
1818 302 1847 328 c.
1867 301 1933 328 1602
