2253 3195
10 196 13 222 '³
36 217 84 244 An.
106 215 134 242 α
155 215 221 243 1600

58 1710 197 1733 Prooemium.

855 215 1001 239 CLEMENS
1022 215 1077 239 tht
1099 215 1148 238 PP.

234 263 454 296 monitoriales
474 264 506 296 in
521 263 616 297 valvis
628 264 781 296 ecclesiae
795 263 976 297 Genetensis

233 316 320 358 affigi
334 317 546 360 etpublicari‚
561 328 596 350 ac
616 317 648 350 in
670 317 747 350 actis
767 316 977 350 cancellariae

234 370 426 414 episcopalis
447 371 486 403 ad
506 376 697 414 perpetuam
718 370 763 402 rei
786 369 975 402 memoriam

235 423 398 466 registrari
424 423 540 464 facias,
564 424 777 467 volumusque
801 429 830 456 et
849 428 976 466 aposto-

234 476 294 509 lica
325 477 514 510 auctoritate
535 476 754 517 decernimus,
787 482 821 509 ut
845 476 976 509 eaedem

233 535 429 573 praesentes,
453 540 509 562 seu
530 529 657 561 illarum
680 529 825 572 exempla
845 529 885 562 ad
906 529 973 561 ral-

233 594 286 616 vas
307 583 409 617 dictae
429 583 582 616 ecelesiae
602 583 716 616 affixae
730 589 760 616 et
779 583 973 627 publicatae,

233 636 276 669 ita
295 646 408 669 omnes
429 642 553 669 arctent
573 642 601 669 et
623 636 776 676 afficiant,
800 647 836 669 ac
861 636 886 669 si
907 635 978 668 uni-

233 690 349 734 cuique
388 691 516 724 illorum
561 690 775 734 personaliter
813 689 977 723 intimatae

229 742 384 783 tuissent,
416 743 447 776 in
479 744 677 777 contrarium
700 744 891 777 facientibus
912 754 976 776 non

231 797 434 830 obstantibus
455 797 725 841 quibuscumque.

275 851 390 884 Datum
411 851 530 884 Romae
551 852 636 895 apud
653 851 683 885 S.
698 851 828 884 Petrum
843 850 901 883 sul]
923 860 976 882 an-

231 904 309 937 nulo
329 904 511 945 Piscatoris,
529 905 580 938 die
600 915 677 938 xxm
693 904 874 937 decembris
899 914 973 944 unu,

231 957 437 1000 pontificatus
462 957 562 990 nostri
584 968 669 991 anno
684 968 725 992 1x.

269 1019 326 1046 bat.
345 1019 388 1046 die
404 1020 437 1046 ⁶23
458 1020 613 1048 decembris
637 1021 711 1055 [GUQ.
730 1021 823 1057 pontis,
843 1030 887 1048 an.
905 1028 938 1048 tx.

514 1183 686 1216 CCXLVIII.

230 1281 427 1324 Resormalio
448 1281 580 1324 repulsu?
593 1282 860 1324 Ceuyreqaliom's
875 1282 975 1316 Cleri-

274 1343 384 1364 corum
398 1332 616 1375 Reqularium
633 1333 900 1366 Ministrantium
919 1333 975 1366 In-

274 1386 382 1428 firmis
406 1387 440 1418 in
464 1386 683 1429 hospitalibus
703 1391 732 1420 et
757 1391 850 1420 extra
874 1398 910 1420 ea
924 1387 976 1420 de-

274 1440 427 1481 flentibus
448 1439 466 1472 ⁸.

441 1530 573 1556 Clemens
595 1530 672 1563 Papa
692 1530 772 1562 vm,

360 1584 395 1611 ad
412 1587 586 1618 perpetuam
603 1584 646 1612 rei
662 1584 843 1612 memoriam.

275 1655 421 1699 Superna
442 1655 662 1699 dispositione,
675 1656 765 1689 cuius
777 1656 976 1689 inscrutabili

231 1709 433 1753 providentia
454 1709 691 1743 ordinationem
712 1709 892 1753 suscipiunt
904 1710 976 1743 uni-

232 1773 337 1803 versa,
366 1764 406 1796 ad
436 1763 632 1807 apostolicae
662 1763 824 1806 dignitatis
853 1764 975 1808 apicem

230 1816 404 1857 sublimati,
418 1828 453 1850 ex
462 1817 570 1850 debito
585 1818 753 1861 pastoralis
773 1818 870 1851 ostieii
884 1818 977 1851 nobis

230 1870 405 1910 commissi,
430 1870 510 1904 votis
530 1871 608 1910 illis,
633 1882 715 1914 quae
736 1872 775 1904 ad
796 1882 975 1915 pauperum

230 1923 343 1957 Christi
365 1923 569 1957 intirmorum
590 1924 797 1959 necessitates
808 1925 977 1958 sublevan-

231 1977 297 2017 das,
315 1988 351 2010 ac
371 1977 496 2010 felicem
519 1988 724 2021 progressum
747 1979 787 2012 ad
804 1979 866 2012 hoc
887 1978 976 2012 insti-

230 2036 371 2064 tutarum
384 2031 676 2074 Congregationmn
691 2032 822 2070 faciunt.
840 2033 976 2065 libenter

231 2084 414 2124 annuimus,
438 2090 470 2118 et
490 2095 572 2129 quae
587 2091 761 2129 propterea
774 2097 832 2130 per
850 2086 977 2120 christi-

230 2137 342 2171 fideles
362 2138 413 2182 pie
433 2138 515 2172 sacta
536 2144 566 2171 et
584 2139 732 2172 ordinata
754 2140 883 2173 suerunt
900 2168 907 2180 ,
943 2145 977 2173 ut

230 2191 335 2231 firma,
348 2198 502 2235 perpetua
520 2197 550 2224 ct
567 2192 687 2225 illibata
701 2192 884 2236 persistant,
898 2203 976 2236 apo-

230 2244 343 2277 stolico
369 2245 550 2278 munimine
583 2245 798 2285 roboramus,
833 2246 976 2289 aliasque

231 2297 369 2341 desuper
398 2297 623 2341 disponimus,
661 2303 758 2341 prout
788 2298 818 2330 in
839 2298 976 2331 Domino

232 2350 448 2393 conspicimus
465 2351 638 2384 salubriter
658 2351 818 2394 expedire.

276 2405 292 2445 Ξ
317 2403 344 2436 l.
370 2404 494 2437 Dudum
519 2404 677 2448 siquidem
700 2404 800 2437 felicis
821 2404 974 2438 recorda-

270 2494 277 2518 1
305 2492 383 2519 {stam
404 2492 644 2527 Congregationem
670 2492 829 2528 approbavit
850 2493 945 2529 Sixtus
961 2493 977 2518 V

233 2537 259 2563 in
281 2545 329 2563 sua
345 2537 482 2564 eonszitut.
496 2544 582 2563 xxxv:
601 2538 649 2564 Ea:
668 2538 812 2570 omnibns,
837 2541 900 2564 tom.
923 2545 977 2570 vttt,

233 2582 375 2616 pag.('›(39;
396 2581 476 2617 eique
497 2582 624 2617 Regulam
643 2582 727 2617 primo
749 2582 858 2609 tradidit
874 2584 978 2617 Grego-

233 2625 288 2653 rius
304 2625 358 2652 xtv
375 2625 401 2653 in
418 2626 524 2653 constit.
538 2633 586 2653 ,ης
606 2626 701 2661 Illius,
713 2630 776 2654 tom.
796 2634 831 2662 tx,
847 2627 978 2663 pag.470.

1659 202 1722 235 635

1011 262 1105 295 tionis
1130 261 1233 295 Sixtus
1253 261 1339 305 Papa
1360 261 1393 301 V,
1411 260 1506 294 certis
1527 260 1630 294 causis
1651 261 1753 293 addu-

1011 321 1090 356 ctus,
1106 327 1141 348 ex
1154 320 1240 348 certa
1253 325 1309 347 sua
1320 314 1452 347 scientia
1466 314 1755 356 Congregationem

1010 368 1069 400 sub
1087 368 1243 401 vocabulo
1274 377 1329 400 seu
1350 367 1482 400 nomine
1507 366 1753 400 Ministrantium

1010 421 1149 453 lnfirmis
1164 421 1195 453 in
1204 421 1288 454 Urbe
1302 420 1519 461 constitutam,
1529 431 1586 464 per
1599 420 1754 464 quasdam

1011 474 1042 506 in
1065 475 1168 507 forma
1187 474 1292 507 brevis
1309 474 1470 507 consectas
1491 474 1614 507 litteras
1635 474 1754 507 confir-

1011 528 1118 561 mavit.

1055 581 1069 623 ἓ
1087 580 1117 613 Q.
1139 581 1176 614 Et
1189 581 1305 614 deinde
1313 581 1383 625 piac
1397 582 1572 615 memoriae
1582 582 1756 624 Gregorius

1011 634 1096 677 Papa
1110 635 1185 674 XlV,
1203 635 1432 677 praedecessor
1452 640 1577 676 noster,
1602 646 1675 668 cum
1705 646 1756 667 ac-

1012 686 1147 730 cepisset
1161 686 1295 720 dilectos
1309 687 1393 721 filios
1407 688 1576 722 Camillum
1591 688 1630 721 de
1648 688 1752 726 Lellis,

1013 741 1204 773 modernum
1226 741 1330 774 dietae
1351 741 1614 784 Congregationis
1635 742 1757 785 praese-

1012 800 1096 826 ctum
1119 795 1313 836 generalem,
1335 800 1365 828 et
1385 795 1464 827 alios
1482 795 1550 828 eius
1569 795 1689 835 socios,
1718 795 1757 828 ad

995 847 1242 890 perficiendam
1276 854 1304 880 et
1326 849 1579 881 conservandam
1602 849 1755 882 unionem

1012 901 1115 934 dictae
1142 901 1405 944 Congregationis
1437 903 1610 945 (piaiudam
1634 901 1757 935 vivendi

1012 956 1197 996 formulam,
1222 956 1308 989 iuxta
1325 967 1373 996 ea,
1398 967 1479 1000 quae
1501 957 1540 989 ad
1554 956 1755 1000 propositum

1010 1008 1069 1042 sibi
1091 1009 1189 1041 finem
1211 1010 1392 1042 conducere
1418 1021 1475 1042 usu
1496 1009 1674 1043 didicerant
1691 1010 1757 1043 edi-

1011 1062 1093 1096 disse
1109 1090 1116 1104 ,
1152 1063 1270 1096 dictam
1302 1063 1427 1096 vivendi
1460 1064 1632 1097 formulam
1667 1070 1757 1097 motu

1010 1116 1142 1159 proprio
1155 1127 1213 1160 per
1223 1116 1301 1149 alias
1312 1116 1432 1149 litteras
1443 1117 1646 1160 approbavit,
1659 1123 1756 1161 prout

1011 1170 1041 1202 in
1056 1170 1189 1213 singulis
1208 1170 1321 1204 litteris
1339 1171 1529 1214 praedictis:

1054 1226 1070 1267 ξ
1092 1224 1122 1258 3.
1144 1226 1177 1258 ln
1198 1226 1326 1269 quibuS,
1351 1226 1499 1259 videlicet
1521 1226 1596 1259 dicti
1611 1226 1771 1269 Gregorii.

1010 1279 1283 1321 praedecessoris,
1312 1279 1396 1312 inter
1416 1279 1478 1312 alia
1497 1284 1652 1312 statutum
1671 1279 1731 1312 fuit
1746 1307 1753 1319 ,

1010 1332 1096 1376 quod
1113 1338 1287 1376 paupertas
1308 1333 1411 1366 dictae
1431 1332 1694 1375 Congregationis
1715 1332 1757 1366 ita

1010 1386 1288 1430 interpretaretur,
1304 1392 1338 1420 ut
1348 1386 1575 1429 religiosorum
1588 1392 1670 1419 esset
1680 1397 1758 1430 pau-

1010 1446 1115 1483 pertas
1137 1440 1391 1473 mendicantium
1412 1451 1537 1481 eorum,
1554 1440 1607 1484 qui
1620 1451 1678 1473 nec
1693 1440 1758 1473 sin-

1010 1493 1076 1536 guli
1095 1504 1152 1526 ncc
1167 1493 1306 1527 universi
1327 1495 1447 1527 tructus
1471 1494 1552 1526 ullos
1572 1504 1608 1526 ac
1634 1493 1757 1526 reditus

1011 1553 1179 1590 eapereut;
1212 1558 1295 1590 quae
1323 1558 1398 1580 vero
1424 1546 1605 1580 neccssaria
1631 1551 1753 1586 essent,

1011 1610 1047 1632 ea
1072 1611 1109 1633 ex
1137 1600 1251 1633 humili
1283 1600 1432 1634 exercitio
1459 1600 1599 1634 ostIatim
1625 1600 1754 1633 mendi-

1011 1654 1131 1694 cando,
1163 1655 1211 1687 vel
1237 1665 1273 1687 cx
1302 1654 1514 1699 eleemosynis
1544 1654 1688 1687 fidelium
1712 1655 1757 1687 cis

1011 1713 1125 1751 sponte
1146 1708 1260 1741 oblatis
1281 1713 1525 1752 compararent:

1057 1763 1072 1803 ἓ
1093 1761 1123 1794 4.
1160 1762 1329 1795 Praeterea
1363 1762 1459 1800 totius
1494 1762 1757 1805 Congregationis

1011 1815 1188 1859 superioris
1223 1816 1374 1859 praesceti
1414 1816 1573 1858 generalis
1611 1816 1755 1849 osticium

1011 1876 1204 1913 perpetuum
1219 1876 1310 1910 esset,
1326 1871 1433 1915 quoad
1444 1870 1574 1910 viveret;
1602 1881 1638 1903 ac
1653 1870 1757 1904 socios

1012 1923 1143 1956 liaberet
1158 1929 1307 1967 quatuor,
1325 1924 1379 1967 qui
1395 1924 1597 1957 consultores
1612 1923 1757 1956 diceren-

1013 1983 1078 2016 tur,
1109 1977 1229 2021 quique
1258 1977 1378 2021 pariter
1399 1977 1541 2010 officium
1564 1982 1756 2021 perpetuum

1011 2037 1159 2073 gererent
1175 2059 1181 2071 ,
1205 2032 1282 2064 dum
1297 2031 1456 2074 generalis
1474 2031 1653 2075 praefectus
1674 2037 1758 2064 esset

1010 2090 1186 2128 superstes:

1055 2137 1117 2182 55.
1142 2139 1294 2177 Necnon,
1328 2138 1415 2182 quod
1436 2139 1529 2180 louge
1566 2137 1669 2171 maior
1689 2148 1757 2171 esse

1011 2192 1144 2225 deberet
1165 2192 1321 2225 laicorum
1340 2203 1436 2235 quam
1465 2192 1668 2224 sacerdotnm
1690 2202 1752 2224 nu-

1012 2256 1130 2285 merus,
1154 2256 1190 2277 ac
1211 2245 1232 2277 ii
1255 2251 1375 2278 tantum
1398 2245 1496 2278 sacris
1517 2244 1686 2278 ordinibus
1701 2245 1756 2278 de-

1011 2297 1151 2330 stinandi
1173 2304 1287 2338 essent,
1309 2309 1389 2341 quos
1406 2298 1585 2341 praefectus
1598 2298 1757 2339 generalis

1012 2357 1042 2384 et
1061 2352 1272 2391 consultores,
1289 2351 1337 2384 vel
1358 2352 1397 2384 de
1418 2362 1532 2384 corum
1554 2351 1682 2384 licentia
1703 2351 1756 2383 alii

1011 2404 1206 2447 superiores,
1231 2415 1295 2437 non
1316 2410 1407 2448 aptos
1428 2405 1525 2437 modo
1546 2405 1586 2438 ad
1605 2405 1689 2448 ipsos
1706 2415 1757 2437 sa-

1013 2468 1084 2490 cros
1102 2458 1247 2496 ordines,
1269 2458 1324 2491 scd
1345 2458 1441 2490 etiam
1475 2459 1514 2491 ad
1542 2458 1756 2491 ministerium

1013 2511 1116 2544 dictae
1133 2511 1412 2554 Congregationis,
1436 2522 1472 2544 cx
1490 2511 1756 2544 constitutionum

1014 2565 1231 2608 praescripto,
1262 2571 1477 2607 congruentes
1498 2576 1534 2598 ac
1560 2565 1757 2599 necessarios

1015 2618 1203 2659 iudicarent,
1229 2619 1354 2663 plenius
1374 2619 1567 2653 continetur.

1769 214 1818 239 An.
1839 214 1866 240 C.
1887 213 1954 240 1000

1783 274 1853 294 Sixtus
1866 275 1880 295 V
1893 277 1952 295 istam

1769 302 1954 326 mangi-effationem

1771 328 1903 353 approbavit.

1809 594 1894 619 Gregur.
1909 594 1954 614 Xtv

1772 627 1817 641 ems
1864 621 1955 643 rugatam

1771 648 1908 669 confirmavit.

1798 1234 1820 1254 ln
1836 1239 1877 1259 qua
1893 1233 1957 1258 parti-

1772 1260 1872 1280 culariter
1887 1259 1956 1279 derla-

1772 1289 1829 1307 rutur
1851 1292 1906 1312 quae
1926 1292 1957 1306 es-

1772 1316 1804 1333 srt
1841 1315 1957 1338 paupert-u

1773 1340 1910 1364 confratrum,

1785 1768 1887 1794 Quodque
1901 1771 1957 1788 ess-‚t

1772 1795 1864 1815 otiieiuui
1875 1795 1957 1821 praese-

1773 1825 1800 1842 ctt
1816 1824 1836 1842 ct
1851 1822 1955 1842 ctnsutto-

1773 1855 1824 1872 tum,

1786 2142 1810 2163 tit
1826 2144 1880 2162 esset
1891 2142 1957 2162 maini-

1771 2175 1870 2189 nmncrus
1892 2169 1956 2189 taim-

1771 2202 1815 2216 l‘UH!
1840 2202 1902 2220 (ΙΠίΙΙΙΙ
1924 2202 1956 2216 Βιῑ·

1770 2222 1885 2243 curdotmn.
