2253 3195
84 245 132 271 Au.
154 245 182 271 (J.
202 246 265 272 1597

106 1464 229 1494 Transactie
239 1464 269 1494 in-

84 1493 116 1537 10ιὲ
130 1493 202 1517 parles
217 1494 269 1512 mita

85 1523 106 1538 es
125 1525 129 1539 2

99 2314 269 2343 conventumque

87 2343 110 2362 ut.
121 2343 188 2371 abbas
208 2349 270 2369 geue·

87 2368 144 2398 ralis·
178 2376 270 2391 annuam

87 2399 207 2419 pensmnem
214 2397 271 2423 quin-

87 2423 194 2450 gentorum
223 2430 270 2444 eru-

87 2450 189 2470 013101·οω
197 2450 269 2475 regiae

87 2474 270 2499 capellae—Ulixen-

87 2501 145 2521 »ensi
165 2503 270 2527 persolve-

88 2529 125 2546 rel.

893 245 1040 270 CLEMENS

280 304 432 326 coronam
455 293 666 336 Portugalliae
687 295 932 338 praetendentes
952 293 1019 326 ius-

280 352 466 390 patrouatus
489 347 519 379 111
544 348 677 380 Sanctae
693 347 807 380 Mariae
832 347 869 379 sle
892 347 1023 389 Aquini·

280 405 310 432 et
329 400 433 433 Sancti
459 400 542 433 l‘etri
563 400 621 432 das
642 400 769 443 Asperius
790 399 945 432 dioecesis
966 400 1022 432 La-

281 453 458 491 macensis,
487 459 517 486 ct
543 453 649 486 Sancti
681 453 900 496 Cliristopllori
927 453 964 485 110
990 453 1023 484 la

283 506 358 539 Foes
379 512 409 539 01
428 507 540 539 Beatae
564 506 680 539 Mariae
695 506 733 538 110
750 506 952 538 1111100111111115
972 506 1022 538 Vi-

281 560 382 593 eensis
403 559 575 597 dioecesis,
600 564 628 591 et
650 559 793 591 eiusdem
825 559 939 591 Reatac
960 559 1021 591 Ma-

282 612 346 645 riae
364 612 402 645 de
421 612 517 645 Fe'aes
537 611 762 644 Bracliarensis
776 611 929 644 dioecesis
941 612 1023 644 eius-

281 667 352 698 dem
365 665 628 707 Congregationis
649 675 684 697 ex
706 664 876 708 privilegio
895 671 1022 708 aposto-

280 718 392 752 stolico
413 718 473 751 sibi
494 723 688 761 competere,
706 718 753 750 vel
768 718 956 750 fundatione
970 724 1024 751 aut

280 771 443 805 dotatione
464 782 500 803 ex
520 781 604 811 una,
634 777 664 803 et
685 771 770 814 ipsos
802 771 951 803 abbatem
972 782 1024 813 ge-

281 825 422 858 neralem
445 830 475 858 et
494 825 784 867 Congregationem
813 825 1025 869 praetenden-

282 884 326 911 tes
344 879 456 912 eadem
482 878 675 911 monasteria
696 878 797 911 libera
818 889 902 919 esse,
928 884 958 911 et
986 879 1025 911 ad

282 931 381 974 ipsius
399 931 526 964 Ordinis
547 932 737 964 electionem
759 937 914 976 spectare,
932 937 1026 975 prout

281 985 342 1018 alia
363 985 559 1018 monasteria
580 985 764 1024 reformata,
789 995 926 1028 quorum
956 995 1024 1017 mo-

282 1038 498 1071 nasteriorum
518 1039 768 1070 reformatorum
789 1038 1022 1081 possessionem

284 1092 460 1132 habebant,
485 1102 522 1124 eo
541 1092 627 1134 quod
646 1092 749 1124 clarae
771 1092 947 1124 memoriae
969 1103 1022 1125 re-

280 1155 334 1187 ges
354 1144 570 1186 Portugalliae
591 1143 690 1188 ipsius
710 1145 849 1188 Philippi
874 1151 1021 1178 anteces-

281 1209 369 1231 sores
394 1198 647 1242 iuripatronatus
668 1199 857 1232 eorumdem
879 1200 1026 1243 supradi-

282 1257 406 1285 ctorum
425 1253 697 1285 monasteriorum
723 1253 761 1286 ad
783 1253 940 1296 praedicti
962 1254 1022 1287 Or-

282 1305 364 1338 dinis
397 1306 536 1339 sarorem
562 1306 663 1339 libere
693 1313 874 1347 cesserant,
899 1318 934 1340 ex
964 1308 1025 1340 alia

281 1359 436 1403 partibus,
449 1360 665 1393 controversia
686 1360 825 1393 maximo
846 1372 918 1394 eum
942 1361 1025 1394 cius-

283 1412 356 1445 dem
377 1412 640 1454 Congregationis
661 1413 831 1457 dispendio
851 1420 881 1447 et
900 1414 1025 1447 incom-

284 1465 381 1498 modo
410 1465 557 1505 verterit·‚
587 1466 717 1499 tandem
741 1477 800 1510 pro
819 1467 913 1510 bono
939 1467 1026 1511 pacis

283 1518 324 1550 ad
344 1517 510 1551 evitandos
531 1518 700 1552 diuturnos
718 1519 834 1560 litium,
851 1531 932 1563 quae
950 1520 1026 1553 sub-

283 1572 373 1615 sequi
408 1571 607 1615 potuissent,
647 1572 807 1605 anfractus
842 1578 872 1606 et.
912 1573 1027 1607 dubios

283 1630 424 1665 eventus,
449 1630 480 1657 et
499 1624 661 1666 graviores
681 1631 826 1669 sumptus
854 1626 886 1658 in
911 1637 1024 1670 prose-

283 1678 439 1722 quutione
464 1677 570 1710 litium
595 1678 777 1711 necessario
798 1679 972 1719 faciendos,
988 1680 1027 1712 ad

283 1731 532 1765 transactionem
554 1737 584 1764 et
602 1732 809 1765 concordiam
839 1733 897 1765 sub
918 1739 1027 1766 nostro

284 1790 316 1818 et
335 1785 426 1818 Sedis
446 1785 650 1828 Apostolicae
670 1786 884 1829 beneplacito,
908 1787 1028 1830 Philip-

280 1849 340 1882 pus
359 1848 424 1879 reri,
447 1849 505 1882 per
525 1838 677 1872 dilectum
698 1839 801 1872 filium
821 1840 1027 1873 Laurentium

283 1893 426 1926 Monzam
439 1892 574 1925 Homeni
597 1892 666 1925 eius
687 1892 886 1926 assistentem
907 1895 947 1927 ad
967 1894 1028 1927 hoe

283 1956 357 1978 cum
386 1945 556 1978 sufficienti
582 1946 733 1979 facultate
764 1947 963 1990 deputatum,
992 1958 1028 1980 ac

283 1998 381 2031 abbas
394 1998 551 2041 generalis
568 2000 762 2042 praedictus,
778 2000 910 2034 nomine
924 2007 954 2034 et
974 2012 1029 2034 au-

284 2052 429 2085 ctoritate
450 2052 564 2085 adhoc
584 2053 643 2085 sibi
664 2054 856 2087 nominatim
877 2054 960 2087 facta
974 2060 1025 2087 to-

284 2105 346 2138 tius
370 2105 632 2147 Congregationis
656 2107 860 2149 praedictae,
885 2108 1024 2141 devene-

285 2164 369 2199 runt,
391 2164 421 2191 et
441 2169 538 2202 super
555 2169 592 2191 ea
613 2159 862 2193 instrumentum
885 2161 1027 2194 celebra-

284 2218 376 2253 runt,
400 2212 487 2255 quod
515 2212 621 2245 dilecti
653 2212 710 2244 filii
743 2213 874 2246 abbates
899 2219 929 2246 ct
953 2225 1029 2247 eon-

283 2271 396 2298 ventus
413 2264 613 2307 singulorum
635 2266 909 2298 monasteriorum
930 2277 1025 2310 prae-

285 2318 445 2352 dictorum
469 2328 528 2361 per
553 2318 615 2350 alia
639 2318 861 2355 instrumenta,
886 2329 923 2351 ac
943 2319 1028 2352 idem

284 2371 450 2415 Philippus
470 2382 524 2405 rex
542 2382 600 2415 per
620 2382 692 2404 suas
711 2371 833 2405 litteras
853 2372 1029 2415 respective

285 2426 505 2469 approbarunt
525 2431 555 2458 ct
574 2430 679 2458 ratum
706 2425 912 2463 habuerunt,
934 2431 1030 2469 prout

285 2478 317 2510 in
336 2477 455 2511 eisdem
478 2477 698 2511 instrumentis
721 2483 746 2510 et
777 2478 960 2521 provisione
981 2489 1029 2511 rc-

285 2531 367 2573 gali,
392 2541 530 2574 quorum
560 2537 686 2564 tenores
717 2531 939 2575 praesentibus
970 2543 1029 2575 pro

287 2584 444 2629 expressis
459 2584 569 2618 haberi
589 2585 750 2623 volumus,
767 2585 894 2628 plenius
914 2586 1031 2619 dicitur

287 2637 459 2679 contineri,
482 2642 668 2678 statuentes,
692 2637 878 2672 ordinantes
897 2644 928 2672 et
947 2639 1048 2672 inter'

1060 246 1118 269 VIII
1139 246 1188 269 Pr.

1056 305 1089 327 se
1118 295 1370 335 concordantes,
1404 294 1462 326 sub
1492 298 1602 327 nostro
1633 298 1739 326 tamen
1769 299 1799 326 01

1057 347 1257 389 Apostolicae
1278 347 1367 380 Sedis
1389 347 1614 390 beneplacito,
1638 347 1724 390 quod
1745 346 1799 379 ab-

1056 399 1111 431 bas
1138 400 1296 441 generalis
1312 400 1513 444 praedictus,
1537 411 1595 433 suo
1615 405 1647 433 et
1666 410 1798 433 suorum

1055 463 1275 486 successorum
1292 481 1298 493 ,
1323 464 1381 486 nec
1402 464 1467 486 11011
1488 454 1648 487 dictorum
1681 464 1796 486 mona-

1056 505 1227 538 steriorum
1260 507 1411 539 abbatum
1439 507 1591 547 nomine,
1616 507 1797 541 consentie-

1057 559 1129 597 bat,
1162 560 1248 602 quod
1281 570 1318 592 cx
1350 560 1528 593 redditibus
1559 560 1799 604 praedictorum

1058 613 1327 646 monasteriorum
1349 614 1514 656 quingenti
1537 614 1668 648 cruciati
1685 614 1716 647 in
1730 625 1801 658 per-

1058 670 1186 708 petuam
1219 676 1359 699 annuam
1386 667 1574 710 pensionem
1608 667 1716 709 regiae
1747 678 1800 700 ca-

1059 719 1161 762 pellae
1178 719 1384 752 Ulixbonensi
1413 719 1662 763 applicarentur,
1673 726 1801 753 centum

1060 771 1207 805 videlieet
1227 772 1359 805 cruciati
1381 783 1439 815 pro
1460 783 1657 816 unoquoque
1678 784 1714 806 ex
1734 784 1803 806 mo-

1059 825 1207 858 nasteriis
1227 825 1421 868 praedictis3
1446 826 1600 869 quoniam
1621 837 1697 860 vero
1722 827 1802 861 Con-

1060 878 1204 919 gregatio
1224 878 1287 910 duo
1309 890 1344 910 ex
1366 878 1458 911 dictis
1476 879 1679 912 monasteriis
1699 880 1803 913 adhuc

1060 941 1124 963 non
1144 931 1329 974 possidebat
1350 933 1401 975 (eo
1423 932 1510 975 quod
1530 932 1563 964 in
1584 932 1647 966 alio
1668 933 1698 966 S.
1719 934 1803 966 Petri

1060 983 1117 1015 das
1141 984 1269 1026 Asntz'ccs
1299 990 1484 1028 nuncupato
1516 990 1598 1017 esset
1628 991 1803 1029 perpetuus

1060 1037 1365 1077 commendatarius,
1389 1037 1420 1069 111
1446 1037 1508 1069 alio
1536 1048 1612 1070 vero
1633 1038 1663 1071 S.
1687 1038 1804 1071 Mariae

1060 1089 1097 1121 de
1110 1090 1207 1122 Fines
1227 1090 1387 1133 appellato
1408 1096 1582 1134 perpetuus
1600 1091 1727 1134 abhas),
1753 1103 1803 1125 so-

1060 1144 1139 1177 lutio
1159 1145 1322 1187 pensionis
1354 1144 1488 1177 istorum
1516 1145 1654 1178 duorum
1686 1156 1801 1179 mona-

1060 1198 1232 1232 steriorum
1258 1209 1322 1231 non
1344 1199 1519 1242 inciperet,
1546 1199 1606 1232 nisi
1634 1205 1804 1243 postquam

1061 1251 1114 1284 illa
1134 1257 1294 1292 vacarent,
1312 1257 1342 1285 et
1361 1252 1574 1294 Congregatio
1595 1253 1730 1286 Sanctae
1744 1254 1805 1286 Ma-

1060 1305 1125 1337 riae
1140 1305 1361 1338 ‹IcAIcobatia
1379 1305 1544 1349 praedicta
1564 1305 1596 1338 in
1617 1305 1761 1349 ipsorum
1776 1312 1804 1339 01

1061 1358 1191 1390 1110111111
1221 1358 1384 1391 fructuum
1406 1357 1608 1402 possessione
1633 1358 1802 1399 existeret,

1061 1411 1198 1444 aliorum
1221 1422 1296 1445 vero
1314 1412 1413 1444 trium
1434 1413 1707 1446 monasteriorum
1728 1423 1807 1456 pen-

1061 1465 1160 1498 sionis
1191 1465 1308 1498 solutio
1340 1476 1357 1498 a
1386 1465 1437 1498 die
1470 1466 1648 1499 Nativitatis
1679 1466 1805 1499 Domini

1061 1518 1136 1551 anni
1157 1518 1357 1561 nonagesimi
1375 1519 1478 1562 quinti
1498 1518 1694 1562 principium
1717 1520 1807 1553 datu-

1062 1583 1116 1605 rae
1147 1572 1324 1615 inciperet,
1349 1578 1383 1604 ut
1417 1572 1588 1605 commode
1621 1572 1806 1607 huiusmodi

1062 1625 1173 1669 pensio
1199 1625 1410 1668 responderet
1434 1624 1589 1658 fructibus
1618 1625 1807 1668 colligendis

1062 1690 1080 1712 a
1107 1679 1156 1712 die
1183 1679 1285 1712 sancti
1309 1679 1437 1712 Ioannis
1461 1679 1621 1722 Baptistae
1641 1679 1807 1722 praeteriti

1063 1733 1136 1765 anni
1158 1743 1287 1773 MDXCIV,
1311 1743 1394 1776 quac
1418 1733 1601 1766 eodemmet
1627 1732 1678 1765 die
1706 1733 1806 1766 sancti

1063 1785 1189 1818 Ioannis
1219 1785 1294 1818 anni
1322 1795 1429 1819 111οΧον
1458 1785 1685 1831 compleretur.
1706 1786 1804 1818 Dein-

1063 1849 1137 1882 ceps
1157 1849 1232 1872 vero
1252 1838 1418 1882 praedicta
1437 1838 1550 1882 pensio
1571 1839 1685 1872 eodem
1707 1839 1806 1872 modo

1063 1903 1120 1936 per
1145 1892 1224 1925 duas
1244 1892 1394 1935 aequales
1421 1891 1596 1925 solutiones
1622 1897 1804 1935 praestare-

1063 1951 1114 1978 tur
1134 1956 1152 1978 a
1172 1946 1223 1978 die
1248 1945 1394 1978 videlicet
1424 1945 1600 1978 Nativitatis
1621 1945 1651 1978 S.
1679 1944 1808 1978 Ioannis

1063 2010 1135 2031 cum
1169 1999 1229 2032 hac
1254 1999 1454 2039 conditione,
1483 1999 1569 2042 quod
1596 1998 1708 2042 pensio
1740 1998 1807 2041 ipsa

1063 2059 1145 2086 esset
1162 2054 1264 2087 libera
1286 2059 1316 2087 et
1336 2059 1483 2097 exempta
1508 2053 1547 2085 ab
1568 2052 1718 2086 omnibus
1730 2063 1807 2085 one-

1063 2107 1151 2139 ribus
1169 2112 1200 2140 et
1219 2107 1388 2145 subsidiis;
1417 2112 1511 2150 atque
1526 2107 1565 2139 ad
1579 2106 1688 2139 omnia
1708 2105 1807 2139 abbas

1063 2160 1222 2202 generalis
1242 2159 1435 2203 praedictus,
1456 2170 1514 2192 suo
1535 2164 1566 2191 et
1586 2169 1718 2192 suorum
1739 2169 1809 2191 suc-

1063 2223 1239 2253 cessorum,
1254 2223 1291 2246 ac
1307 2213 1538 2256 praelatorum⁷
1549 2218 1579 2245 et
1593 2217 1808 2245 conventuum

1064 2266 1224 2299 (lictorum
1256 2266 1527 2300 monasteriorum
1558 2265 1710 2305 nominc,
1735 2275 1810 2297 cou-

1064 2331 1191 2353 sensum
1221 2320 1399 2363 praestitit‚
1423 2319 1637 2363 promisitque
1664 2329 1696 2352 sc
1728 2319 1810 2352 intra

1065 2383 1218 2413 mensem,
1235 2385 1253 2406 a
1271 2373 1321 2406 die
1339 2373 1519 2406 celebratae
1539 2373 1732 2406 concordiae
1752 2374 1810 2406 hu-

1065 2426 1202 2459 iusmodi
1229 2426 1464 2469 computando,
1489 2426 1635 2458 omnium
1656 2426 1809 2459 abbatum

1064 2485 1095 2513 et
1121 2485 1336 2512 conventuum
1365 2479 1498 2512 istormu
1525 2479 1669 2523 quinque
1696 2491 1808 2513 mona-

1063 2533 1233 2566 steriorum
1246 2543 1455 2570 consensum;
1470 2533 1653 2576 praedictus
1665 2544 1740 2566 vero
1753 2534 1809 2567 do-

1064 2591 1133 2619 ctor
1146 2585 1336 2618 Laurentius
1355 2586 1509 2626 Monzam,
1520 2586 1651 2619 nomine
1671 2586 1808 2630 Philippi

1065 2639 1148 2681 regis
1174 2639 1352 2683 praedicti,
1383 2644 1547 2684 tamquam
1567 2639 1636 2674 eius
1660 2639 1809 2674 assistens

1703 235 1766 268 349
1813 245 1860 271 An.
1882 245 1995 272 01591
