2253 3195
12 247 19 290 i
65 262 112 290 Αη.
129 262 158 290 c.
181 261 248 289 1599
868 263 1013 287 CLEMENS
1034 264 1091 287 vm
1112 265 1162 287 ιη).

1682 253 1745 286 547
1793 264 1843 290 An.
1861 264 1890 291 c.
1909 264 1975 291 1599

132 1807 248 1839 Facultatis

68 1839 183 1856 concessio.

262 310 379 343 tatibus
411 317 537 354 paratas
567 316 596 344 et
630 311 799 344 instructas
830 311 942 350 habet,
967 322 1003 344 ac

261 375 319 408 pro
342 369 486 408 tempore
507 376 564 408 per
584 376 655 398 eum
682 365 788 409 parari
810 371 840 398 et
866 365 999 405 instrui,

261 427 316 450 seu
339 417 485 450 renovari
506 424 537 450 et
554 418 695 461 expediri
722 418 908 460 contigerit,
932 419 1001 461 plu-

261 481 311 503 res
336 481 492 514 personae
513 471 747 504 ecclesiasticae
775 471 998 514 reperiantur,

262 534 297 556 ac
319 524 357 557 ‹le
378 524 461 556 sacili
483 524 610 557 evenire
630 524 730 567 possit
751 529 785 556 ut
805 524 888 557 inter
918 524 998 563 illas,

263 583 324 610 tani
347 578 555 621 ipsarunnnct
578 588 791 621 personarum
814 577 1002 610 ecclesiasti-

262 642 373 664 carum
394 641 489 674 quam
512 630 665 663 laicarum
688 631 812 663 ratione
828 658 835 669 ,
859 631 1002 663 diversae

262 683 348 717 rixae
368 689 398 716 ct
422 683 643 716 contentiones
664 683 820 723 oriantur,
848 694 907 727 pro
933 683 1003 727 qui-

261 737 321 770 bus
342 736 568 775 diiudicandis,
580 736 744 779 pacandis,
762 736 936 780 sopiendis,
949 743 1000 769 aut

262 791 339 824 alias
375 791 584 824 terminandis
616 791 736 824 iudices
761 792 941 824 saeculares
969 802 1002 825 sc

263 844 476 878 intromittere
496 855 560 877 non
581 850 713 888 possunt
735 855 839 888 neque
860 845 999 885 debcnt;

262 898 395 942 ipseque
419 897 584 941 Philippus
604 909 658 931 rex
679 898 862 942 praemissis
878 910 924 939 ca,
940 910 1004 943 qua

262 951 455 985 catholicum
475 952 566 984 decet
582 952 761 995 principem
784 952 950 992 charitate,
967 964 1003 986 ac

262 1016 320 1049 pro
330 1006 397 1038 zelo
407 1005 876 1039 ecclesiasticaeiurisdictionis
890 1007 1004 1040 ductus

262 1069 432 1092 occurrere
446 1064 601 1100 satagens,
619 1059 780 1092 desiderat
793 1060 933 1103 aliquam
947 1071 1002 1093 seu

263 1111 386 1155 aliquas
411 1122 581 1155 personam
603 1122 659 1144 seu
681 1122 834 1155 personas
855 1113 1004 1146 ccclesia-

262 1165 356 1198 sticas
374 1165 541 1209 deputari,
565 1176 646 1209 quae
668 1165 699 1198 in
731 1165 824 1199 dictis
850 1166 1004 1199 classibus

263 1229 322 1261 pro
343 1223 490 1261 tempore
510 1218 718 1262 expediendis
746 1219 1002 1253 iurisdictionem

264 1271 512 1305 ecclesiasticam
545 1277 705 1310 exerceat,
729 1282 907 1316 omnesque
928 1284 1003 1306 cau-

263 1335 323 1365 sas,
345 1330 407 1357 tam
423 1324 530 1357 civiles
544 1335 638 1368 quam
654 1324 837 1358 criminales
849 1331 880 1358 et
892 1326 1004 1359 mixtas

263 1377 346 1411 inter
375 1378 509 1411 clericos
539 1383 571 1410 et
599 1389 819 1422 quascumque
851 1389 1004 1422 personas

264 1431 505 1472 ecclesiasticas,
523 1442 559 1464 ac
573 1432 612 1464 ad
626 1432 731 1464 forum
754 1432 1002 1466 ecclesiasticum

263 1485 471 1529 pertinentes,
488 1485 606 1525 audiat,
624 1491 806 1528 cognoscat,
823 1486 948 1519 decidat
968 1498 1005 1520 ac

264 1538 327 1570 sine
341 1538 449 1570 debito
463 1538 613 1571 terminet
630 1549 687 1571 seu
702 1539 884 1572 terminent.
901 1539 1005 1578 Quare

264 1591 356 1624 nobis
377 1591 543 1624 humiliter
562 1591 736 1634 supplicari
763 1592 854 1631 fecit,
883 1598 916 1624 ut
938 1592 1005 1625 eius

264 1644 345 1676 votis
364 1643 549 1676 huiusmodi
570 1654 713 1677 annuere
740 1645 778 1677 de
807 1645 1004 1687 benignitate

264 1696 439 1740 apostolica
457 1696 676 1738 dignaremur.

309 1751 325 1792 ἓ
344 1749 373 1782 2.
397 1750 460 1782 Nos
485 1749 582 1792 igitur
602 1750 802 1783 attendentes
820 1762 878 1794 pro
903 1752 1004 1784 nostri

264 1805 433 1849 pastoralis
451 1805 546 1838 officii
569 1805 677 1838 debito
698 1806 904 1850 praecipuam
926 1818 1002 1850 pcr-

265 1869 418 1891 sonarum
451 1858 742 1891 ecclesiasticarum
759 1886 766 1897 ,
799 1870 838 1891 ne
871 1860 957 1903 ipsae
989 1872 1005 1892 a

265 1911 354 1945 laicis
374 1918 538 1951 vexentur,
559 1922 668 1944 curam
691 1912 783 1945 nobis
805 1912 1002 1952 incumbere,

265 1969 337 1998 tam'
355 1965 443 2008 pium
465 1970 495 1998 et
513 1965 675 1998 laudabile
694 1965 889 1999 desiderium
908 1966 1006 2010 ipsius

265 2017 404 2061 Philippi
424 2017 508 2059 regis
528 2017 704 2061 plurimum
720 2018 751 2050 in
768 2019 906 2052 Domino
920 2030 1007 2053 com-

267 2071 478 2111 mendantes,
506 2071 693 2104 huiusmodi
718 2072 1007 2116 supplicationibus

267 2125 432 2165 inclinati,
455 2125 512 2157 tibi
543 2130 573 2157 et
603 2135 661 2168 pro
687 2130 832 2168 tempore
862 2126 1006 2160 existenti

266 2184 376 2211 nostro
404 2183 434 2211 et
469 2178 571 2211 dictae
607 2177 696 2211 Sedis
722 2178 753 2210 in
782 2179 874 2211 dictis
900 2180 1007 2222 regnis

267 2231 397 2271 nuncio,
418 2236 453 2263 ut
471 2231 596 2274 quoties
617 2231 737 2263 dictum
759 2231 944 2275 Philippum
959 2243 1008 2265 re-

266 2294 338 2326 gern
361 2284 494 2317 classem
521 2294 577 2316 scu
605 2283 720 2316 classes
751 2294 866 2327 parare
896 2289 926 2317 et
952 2295 1007 2317 seu

267 2338 425 2370 instruere
443 2337 489 2369 vel
512 2341 721 2369 manutenere
746 2337 926 2379 contigerit,
950 2337 1008 2370 ali-

268 2400 363 2434 quam
389 2390 436 2422 vel
457 2390 580 2433 aliquas
600 2399 754 2432 personas
778 2389 1009 2422 ecclesiasticas

266 2449 371 2486 perte
392 2443 573 2485 eligendam
594 2452 650 2475 seu
672 2442 846 2484 eligendas,
870 2442 1009 2475 iudicem

267 2506 323 2528 seu
343 2495 466 2528 iudices
484 2506 556 2528 cum
578 2496 683 2538 plena,
705 2501 735 2528 et
756 2495 868 2535 libera,
889 2500 920 2528 ct
934 2506 1006 2528 om-

267 2548 399 2581 nimoda
409 2548 559 2581 facultate
573 2554 603 2581 et
615 2548 816 2588 auctoritate,
834 2548 1009 2592 praemissa

268 2601 376 2634 onmia
395 2607 425 2634 et
446 2601 581 2643 singula,
603 2612 729 2634 necnon
756 2601 1008 2634 iurisdictionem

241 2653 244 2658 '
267 2655 479 2698 praedictam,
496 2659 527 2688 et
546 2665 628 2696 cam,
651 2665 747 2700 quam
769 2665 918 2689 exercere
938 2665 1011 2700 pos-

1036 317 1083 344 set
1102 312 1126 344 si
1148 312 1334 345 Ordinarius
1349 312 1476 345 illorum
1498 311 1641 344 omnium
1665 312 1777 345 existe-

1038 371 1094 404 ret,
1121 365 1151 397 in
1173 366 1328 398 classibus
1350 371 1471 398 tantum
1494 370 1525 398 ct
1542 375 1606 397 non
1628 365 1723 405 alibi,
1747 370 1778 397 ct

1037 423 1124 450 extra
1157 423 1258 451 terras
1286 424 1313 451 et
1348 423 1459 461 portus
1490 417 1715 461 Hispaniarum
1749 423 1779 450 ct

1037 471 1250 512 Portngalliac
1281 476 1311 503 et
1341 471 1508 510 locorum,
1532 471 1586 503 ubi
1611 476 1685 503 sunt
1705 471 1775 514 epi-

1036 523 1123 566 scopi
1150 524 1311 563 catholici,
1333 524 1513 563 cxercendi,
1542 524 1736 557 constituere
1749 529 1780 557 et

1037 576 1206 619 deputare:
1237 577 1426 620 dictusque,
1452 583 1479 610 et
1503 577 1577 610 dicti
1600 588 1658 620 per
1684 583 1723 617 te,
1749 583 1779 609 ct.

1037 640 1094 673 pro
1106 636 1249 673 tempore
1262 630 1448 663 existentem
1464 630 1629 669 nuncium,
1640 636 1671 662 ut
1688 641 1779 673 prac-

1038 684 1153 721 sertur,
1180 684 1382 727 deputandus
1407 695 1461 717 scu
1492 684 1666 727 deputandi
1689 684 1775 717 iudi-

1037 746 1088 769 ces
1102 736 1306 769 ecclcsiastici
1322 737 1577 769 iurisdictionem
1592 737 1777 770 huiusmodi

1037 800 1186 822 exercerc
1206 790 1306 823 libere
1324 796 1353 822 et
1375 790 1460 822 licite
1476 791 1609 826 valeant,
1634 791 1774 834 plenam,

1037 843 1171 875 liberam
1194 849 1221 875 ct
1238 843 1458 876 omnimodam
1481 843 1655 881 licentiam,
1674 844 1772 876 sacul-

1040 902 1146 935 tatem‚
1175 902 1366 939 potestatem
1389 903 1418 929 ct
1437 897 1678 936 auctoritatem,
1703 907 1779 940 apo-

1038 950 1148 982 stolica
1173 950 1381 987 auctoritate,
1409 955 1520 982 tenore
1537 950 1775 993 praesentium,

1039 1004 1213 1047 respective
1244 1004 1284 1036 ad
1305 1004 1562 1047 quinquennium
1596 1003 1778 1047 proximum

1038 1056 1246 1089 concedimus
1267 1061 1297 1089 et
1317 1056 1532 1100 impertimur.

1084 1110 1147 1152 §3-
1170 1111 1383 1143 Decernentes
1404 1110 1513 1143 onmia
1534 1116 1561 1143 ct
1584 1110 1708 1152 singula
1722 1121 1780 1154 per

1039 1162 1140 1195 dictos
1160 1173 1220 1206 pro
1239 1168 1385 1206 tempore
1407 1163 1631 1206 deputandos,
1656 1163 1776 1196 sacien-

1039 1217 1089 1256 da,
1118 1217 1259 1258 gerenda
1284 1222 1315 1249 et
1335 1217 1521 1259 exequenda
1551 1217 1781 1249 inviolabiliter

1039 1269 1202 1302 observari
1222 1269 1350 1308 debere,
1375 1269 1510 1313 perinde
1531 1280 1568 1302 ac
1589 1270 1612 1302 si
1635 1281 1652 1302 a
1672 1276 1712 1309 te,
1729 1270 1779 1302 vel

1040 1328 1093 1355 tuo
1115 1323 1267 1355 mandato
1286 1323 1378 1362 sacta,
1397 1329 1485 1365 gesta
1499 1328 1529 1356 ct.
1542 1323 1692 1356 ordinata
1705 1323 1781 1356 suis-

1038 1381 1119 1415 scnt·,
1142 1375 1253 1420 sicque
1270 1376 1309 1408 ab
1330 1376 1481 1409 omnibus
1502 1376 1648 1417 censeri,
1682 1381 1712 1409 et
1740 1377 1781 1409 ita

1038 1435 1140 1473 perte
1160 1435 1189 1462 et
1210 1429 1289 1462 alios
1310 1440 1532 1473 quoscumque
1553 1429 1685 1470 indices,
1703 1440 1782 1473 qua-

1039 1483 1083 1516 vis
1104 1483 1293 1516 auctoritate
1310 1484 1490 1525 fungentes,
1515 1483 1651 1516 iudicari
1672 1488 1701 1516 ct
1720 1484 1778 1516 de-

1039 1537 1124 1569 finiri
1156 1537 1291 1577 debere,
1326 1536 1452 1569 irritum
1474 1547 1603 1580 qnoque
1624 1541 1655 1569 et
1686 1536 1781 1569 inane

1039 1590 1197 1633 quidquid
1222 1600 1314 1622 secus
1342 1600 1440 1633 super
1469 1589 1517 1621 his
1548 1600 1565 1622 a
1593 1600 1778 1633 quoquam,

1040 1643 1150 1686 quavis
1170 1642 1372 1681 auctoritate,
1398 1641 1536 1675 scienter
1557 1642 1603 1675 vel
1632 1642 1782 1684 ignoran-

1040 1702 1098 1736 ter,
1120 1695 1290 1738 contigerit
1306 1695 1466 1728 attentari.

1084 1751 1100 1792 g
1121 1749 1151 1782 4.
1176 1750 1245 1782 Non
1275 1749 1476 1782 obstantibus
1507 1749 1672 1792 quibusvis
1698 1760 1779 1793 apo-

1039 1803 1170 1841 stolicis,
1194 1813 1320 1835 necnon
1352 1802 1383 1834 in
1414 1802 1663 1846 provincialibus
1683 1809 1711 1835 et
1734 1814 1783 1847 sy-

1040 1857 1211 1889 nodalibus
1231 1855 1375 1888 conciliis
1397 1855 1489 1888 editis
1510 1855 1705 1899 specialibus
1735 1856 1783 1888 vel

1040 1910 1244 1953 generalibus
1263 1910 1546 1943 constitutionibus
1558 1915 1588 1942 et
1603 1909 1783 1942 ordinatio-

1040 1964 1156 2003 nibus,
1189 1974 1225 1996 ac
1255 1963 1419 2007 quibusvis
1450 1963 1546 1995 etiam
1578 1963 1780 2003 iuramento,

1041 2017 1288 2051 confirmatione
1306 2017 1494 2061 apostolica,
1518 2017 1566 2049 vel
1590 2016 1700 2060 quavis
1722 2016 1780 2048 fir-

1041 2072 1151 2104 mitate
1172 2071 1234 2104 alia
1261 2070 1420 2104 roboratis
1447 2070 1572 2103 statutis
1593 2075 1623 2102 et
1643 2079 1781 2102 consue-

1043 2125 1218 2165 tudinibus,
1246 2124 1421 2167 privilegiis
1439 2134 1579 2167 quoque,
1601 2123 1781 2166 exemptio-

1042 2179 1147 2215 nibus,
1172 2177 1303 2210 indultis
1324 2182 1354 2210 ct
1383 2177 1497 2210 litteris
1522 2176 1706 2220 apostolicis
1726 2176 1784 2209 sub

1042 2231 1299 2275 quibuscumque
1329 2230 1494 2262 tenoribus
1524 2235 1555 2262 et
1587 2229 1716 2267 formis,
1750 2240 1785 2261 ac

1042 2295 1115 2317 cum
1137 2283 1302 2327 quibusvis
1315 2283 1411 2315 ctiam
1434 2282 1712 2324 derogatoriarum
1732 2283 1787 2315 de-

1042 2337 1222 2379 rogatoriis,
1244 2336 1379 2379 aliisque
1400 2336 1635 2369 efficacioribus
1653 2341 1683 2368 et
1700 2335 1786 2368 inso-

1043 2390 1105 2423 litis
1123 2389 1285 2429 clausulis,
1310 2389 1575 2432 irritantibusque
1597 2394 1624 2421 ct
1648 2389 1718 2421 aliis
1732 2389 1787 2421 dc-

1044 2442 1138 2476 cretis
1159 2442 1189 2474 in
1211 2452 1340 2484 genere,
1358 2442 1405 2474 vel
1428 2442 1458 2474 in
1479 2442 1585 2485 specie
1606 2442 1787 2485 quomodo-

1044 2495 1122 2528 libet
1139 2495 1309 2534 concessis,
1325 2495 1524 2527 coniirmatis
1538 2500 1564 2527 et
1587 2495 1782 2538 approbatis.

1044 2548 1164 2587 Quibus
1184 2548 1344 2587 omnibus,
1369 2547 1492 2580 etiamsi
1515 2548 1554 2580 de
1576 2548 1638 2580 illis
1659 2558 1787 2580 eorum-

1045 2612 1106 2645 que
1127 2601 1200 2634 totis
1221 2601 1387 2634 tenoribus
1407 2601 1565 2644 specialis,
1589 2600 1738 2644 spccitica
1757 2605 1788 2634 ct

1045 2665 1193 2699 expressa
1224 2653 1345 2687 mentio
1366 2653 1515 2686 habenda
1541 2658 1633 2695 esset,
1657 2653 1786 2687 illorum

1828 1121 1948 1141 clausulae.

1824 1758 1982 1778 Contrariorum

1798 1785 1916 1810 derogatio.
