2253 3195
268 227 318 254 An.
334 226 363 254 c.
386 227 455 256 1596
499 217 564 251 250

294 1185 317 1206 Et
331 1185 368 1208 ita.
379 1187 399 1205 et
409 1190 450 1205 non

266 1212 319 1233 alias
344 1217 404 1237 posse
420 1212 450 1232 iu-

266 1238 333 1259 dicari
347 1238 450 1260 decerna.

295 1821 404 1843 mantum

264 1853 376 1869 conti-arn·
387 1850 412 1869 cle
426 1856 438 1869 o

265 1882 275 1898 ν
286 1879 358 1896 dum!
381 1882 447 1902 appu·

282 2305 377 2327 Formam
389 2311 406 2326 ιιι
419 2310 445 2327 rt·

298 2337 339 2353 tum
365 2336 446 2358 putum·

264 2364 354 2380 emt-nm
364 2361 429 2381 addat.

467 276 562 310 stenti
583 275 707 310 restitui
726 276 837 320 possit,
865 275 935 320 ipso
954 276 1038 310 sacto
1059 276 1209 310 similiter

466 328 668 362 incurrendis
687 328 810 373 poenis,
834 328 939 372 ipsum
958 329 1140 372 regularem
1154 330 1208 363 de-

465 381 664 425 linquentem
685 392 703 414 a
720 382 803 420 loco,
823 381 864 414 ad
884 392 980 425 quem
1003 382 1208 416 transmissus

465 434 535 474 suit,
559 445 720 475 revocare,
745 440 775 468 et
794 434 827 467 in
847 446 912 479 quo
933 435 1070 479 deliquit
1089 436 1208 470 consti-

466 493 555 521 tuere
572 499 627 521 seu
657 488 770 521 sistere
800 494 955 522 teneatur.
983 489 1076 528 Quod
1095 489 1120 522 si
1145 489 1207 523 hoc

465 540 560 574 etiam
588 541 693 574 facere
723 542 998 585 praetermiserit,
1027 553 1085 587 per
1114 553 1208 587 prae-

464 593 734 628 sentes-similiter
754 595 941 636 statuimus,
964 602 999 629 ut
1019 595 1208 630 Ordinarius

465 647 538 686 loci,
561 648 600 680 ad
615 659 711 692 quem
724 649 881 691 regularis
899 649 1089 693 delinquens
1104 655 1208 683 trans-

465 700 580 734 missus
612 701 728 742 suerit,
755 713 853 746 super
872 703 1058 747 praemissis
1077 703 1117 736 ab
1138 702 1207 746 ipso

465 752 636 787 Ordinario
653 754 727 795 loci,
748 755 780 788 in
802 766 866 799 quo
888 755 1035 800 deliquit,
1059 755 1209 789 similiter

465 807 648 851 requisitus,
671 808 720 842 vel
745 808 823 842 alias
843 809 883 842 de
900 809 985 843 illius
1005 809 1122 843 delicto
1153 809 1206 842 in-

465 860 622 894 formatus
635 889 642 902 ,
668 866 705 895 ut
720 863 912 906 praefertur,
933 868 1099 907 tamquam
1117 862 1209 896 Sedis

465 915 666 958 Apostolicae
695 916 871 959 delegatus,
900 917 1101 961 praedictum
1128 916 1210 950 Con-

465 967 529 1000 cilii
550 968 715 1002 decretum
733 970 867 1003 omnino
885 970 1022 1015 exequi,
1047 976 1078 1004 et
1103 970 1135 1004 in
1156 981 1208 1004 re-

465 1020 609 1062 gularem
645 1021 888 1067 delinquentem
916 1034 1026 1057 severe
1061 1023 1208 1058 animad-

465 1081 589 1109 vertere
612 1076 712 1119 possit
729 1083 761 1110 et
781 1077 906 1111 debeat.
1089 1075 1095 1080 ¹

510 1131 527 1172 ἕ
547 1129 578 1163 4.
602 1130 816 1165 Decernentes
836 1131 880 1165 sic
901 1136 932 1164 et
952 1141 1017 1165 non
1038 1131 1132 1165 aliter
1151 1141 1210 1175 per

466 1192 687 1228 quoscumque
701 1184 860 1218 indiceset
871 1184 1121 1225 commissarios,
1131 1195 1210 1229 qua-

467 1235 511 1269 vis
531 1237 722 1270 auctoritate
743 1238 922 1280 fungentes,
946 1237 1043 1271 etiam
1064 1238 1207 1272 eiusdem

466 1289 629 1323 Romanae
649 1291 808 1324 Ecclesiae
825 1291 1016 1332 cardinales,
1041 1298 1072 1325 et
1092 1302 1206 1325 causa-

466 1354 536 1376 rum
558 1344 668 1388 palatii
689 1345 858 1388 apostolici
881 1345 1058 1386 auditores,
1083 1345 1208 1379 sublata

465 1397 510 1430 eis
530 1403 561 1430 et
585 1408 697 1431 eorum
723 1399 855 1432 cuilibet
876 1398 987 1443 quavis
1012 1399 1106 1432 aliter
1127 1399 1209 1433 iudi·

465 1449 592 1484 dicandi
613 1457 644 1484 et
671 1451 904 1496 interpretandi
926 1452 1075 1486 facultate
1096 1458 1128 1486 et
1150 1464 1208 1486 au·

464 1503 623 1544 ctoritate,
647 1504 768 1549 ubique
789 1505 925 1539 iudicari
945 1511 977 1539 et
1001 1506 1129 1540 definiri
1151 1506 1207 1540 de-

462 1555 550 1597 here,
575 1557 699 1591 irritum
721 1568 850 1602 quoque
877 1563 909 1591 et
935 1558 1030 1592 inane
1053 1559 1207 1604 quiequid

463 1620 554 1643 sertus
574 1621 672 1655 super
692 1611 741 1644 bis
761 1622 778 1644 a
800 1622 962 1656 quoquam
975 1639 982 1653 ,
1006 1613 1116 1656 quavis
1145 1624 1204 1647 au-

463 1663 621 1704 ctoritate,
649 1664 789 1698 scienter
807 1665 854 1698 vel
875 1665 1074 1708 ignoranter,
1097 1666 1204 1700 conti—

463 1717 546 1759 gerit
566 1719 727 1752 attentari.

508 1771 523 1814 ἓ
543 1770 573 1804 5.
598 1771 666 1805 Non
689 1772 1063 1817 obstantibusquilmsvis
1078 1784 1208 1808 eorum·

465 1823 537 1857 dem
565 1824 721 1859 Ordinum
754 1827 801 1860 vel
834 1827 1053 1861 institutorum
1070 1855 1077 1868 ,
1109 1828 1206 1861 etiam

465 1877 656 1918 iuramento,
685 1879 929 1914 confirmatione
949 1881 1134 1924 apostolica,
1159 1882 1205 1915 vel

463 1931 574 1975 quavis
594 1932 745 1965 firmitate
766 1933 828 1966 alia
848 1933 1018 1973 roboratis,
1031 1934 1156 1967 statutis
1175 1940 1207 1968 et

463 1984 761 2026 consuetudinibus,
790 1986 966 2030 privilegiis
987 1997 1128 2031 quoque,
1159 1987 1206 2020 iu-

463 2037 559 2071 duttis
577 2044 607 2072 et
622 2039 734 2072 litteris
751 2039 936 2083 apostolicis
957 2040 987 2073 in
1006 2041 1203 2074 contrarium

461 2091 712 2136 praemissorum
744 2093 990 2137 quomodolibet
1018 2094 1201 2134 concessis,

461 2145 661 2179 confirmatis
693 2151 725 2179 ct
759 2147 946 2191 approbatis
960 2174 968 2188 ,
1008 2140 1223 2192 caeterisque³

461 2201 632 2233 contrariis
657 2200 925 2245 quibuscumque.

507 2255 522 2295 5
544 2253 573 2286 (5.
598 2253 636 2287 Ut
653 2260 760 2287 autem
787 2261 971 2298 praesentes
991 2254 1114 2289 litterae
1136 2266 1222 2304 οτη-ξ

463 2306 557 2339 nibus
579 2308 771 2351 supradictis
790 2308 1001 2347 innotescant,
1014 2309 1205 2343 mandamus

464 2361 532 2394 ittas
548 2362 586 2394 ad
597 2362 700 2395 valvas
715 2363 869 2396 ecclesiae
888 2363 987 2396 sancti
1005 2363 1132 2397 loannis
1149 2364 1205 2397 La·
1220 2401 1222 2413 ,

464 2416 650 2453 teranensis,
667 2422 694 2448 et
718 2416 868 2449 basilicae
889 2416 1044 2460 Principis
1062 2419 1200 2460 Aposto-
1220 2446 1221 2467 ¹

463 2466 565 2499 lorum
585 2468 623 2500 de
643 2468 736 2507 l'rbe,
761 2479 796 2501 ac
822 2469 852 2502 in
877 2469 944 2502 acic
964 2470 1072 2514 Campi
1092 2470 1221 2520 Florae}

462 2521 545 2560 affigi
561 2528 590 2554 et
605 2522 773 2565 publirari;
795 2524 1007 2568 volumusque
1022 2530 1093 2568 post
1111 2523 1221 2572 quin-4¹

463 2574 565 2607 decim
582 2575 660 2614 dies,
677 2587 731 2610 eos
745 2577 798 2621 qui
814 2577 844 2611 in
860 2578 944 2612 {Iube
964 2584 1048 2617 sunt,
1060 2578 1114 2622 qui
1128 2588 1202 2611 vero

462 2633 549 2662 extra
569 2639 638 2661 eam
654 2635 684 2662 et
701 2630 779 2663 citra
798 2637 933 2671 montes,
951 2631 1031 2665 intra
1049 2636 1199 2676 quatuor,
1218 2626 1221 2646 ¹

1051 228 1236 253 BULLARIUM
1251 228 1407 252 ROMANUM

1242 275 1298 320 qui
1313 276 1443 309 demum
1456 275 1542 308 ultra
1555 279 1680 308 montes
1693 280 1798 316 erunt,
1814 274 1898 308 intra
1910 279 1982 308 octo

1242 340 1369 363 menses
1397 340 1415 362 a
1445 328 1498 362 die
1528 327 1757 372 publicationis
1795 327 1982 361 huiusmodi

1242 382 1490 427 computandos,
1506 381 1641 425 perinde
1653 381 1782 414 afficere
1798 386 1830 415 et
1843 387 1979 422 arctare,

1241 446 1278 469 ac
1297 436 1324 469 si
1341 446 1454 469 eorum
1474 434 1650 479 unicuique
1669 434 1886 478 personaliter
1904 434 1982 467 inti-

1241 496 1346 524 matae
1363 490 1506 524 fuissent.

1285 543 1350 586 §7-
1375 544 1419 577 Ac
1439 543 1628 577 earumdem
1653 542 1872 587 praesentium
1897 541 1982 575 litte-

1241 602 1383 630 terarum
1405 596 1570 641 exemplis,
1583 596 1679 629 etiam
1699 594 1874 640 impressis,
1885 605 1982 628 manu
2009 607 2015 627 i
2033 607 2037 610 >

1241 650 1358 684 notarii
1378 650 1500 694 publici
1519 649 1719 694 subscriptis,
1735 654 1767 682 et
1785 647 1890 691 sigillo
1910 658 1982 692 per-

1241 714 1340 737 sonae
1359 703 1392 736 in
1413 702 1630 736 ecclesiastica
1649 702 1807 746 dignitate
1829 701 1984 735 constitu-

1242 762 1292 789 tae
1311 756 1499 799 obsignatis,
1525 757 1671 790 eamdem
1697 755 1795 789 fidem
1813 755 1846 788 in
1864 753 1983 788 iudicio

1224 809 1273 861 ,et
1293 814 1380 843 extra
1398 809 1478 842 illud
1498 808 1622 849 haberi,
1639 807 1811 852 quaeipsis
1831 817 1982 852 praesen-

1244 861 1327 895 tibus
1355 861 1548 903 haberetur,
1571 861 1597 895 si
1617 862 1724 895 forent
1756 861 1915 895 exhibitae
1934 860 1983 894 vel

1242 921 1399 949 ostensae.

1287 969 1302 1013 ἓ
1329 968 1360 1002 8.
1391 969 1476 1002 Nulli
1501 979 1580 1012 ergo
1600 968 1734 1002 omnino
1754 968 1924 1002 hominum
1944 968 1983 1002 li-

1243 1029 1312 1056 ceat
1331 1022 1414 1056 hanc
1433 1023 1584 1067 paginam
1604 1027 1789 1056 nostrorum
1805 1022 1980 1067 praecepti,

1243 1076 1397 1116 mandati,
1420 1076 1604 1117 voluntatis,
1620 1076 1752 1116 decreti,
1773 1079 1845 1115 eta,
1866 1075 1982 1108 infrin-

1243 1140 1330 1172 gere,
1353 1130 1402 1163 vel
1422 1129 1452 1163 ei
1472 1140 1552 1163 ausu
1572 1129 1746 1163 temerario
1766 1128 1937 1163 contraire.
1952 1128 1984 1163 Si

1243 1182 1315 1227 quis
1332 1187 1452 1222 autem,
1476 1187 1532 1216 etc.

1286 1236 1399 1270 Datum
1420 1236 1542 1270 Romae
1562 1236 1647 1280 apud
1667 1236 1819 1270 Sanctum
1839 1236 1981 1278 Petrum,

1242 1301 1328 1324 anno
1353 1291 1584 1325 incarnationis
1603 1291 1789 1325 Dominicae
1812 1290 1984 1324 millesimo

1242 1344 1502 1388 quingentesimo
1532 1344 1742 1388 nonagesimo
1761 1349 1862 1385 sexto,
1888 1343 1986 1388 septi-

1243 1407 1296 1431 mo
1314 1397 1467 1432 kalendas
1492 1398 1612 1440 martii,
1643 1397 1852 1442 pontificatus
1881 1396 1984 1431 nostri

1242 1461 1327 1485 anno
1347 1461 1376 1484 v.

1277 1514 1335 1542 Dat.
1353 1514 1396 1542 die
1410 1514 1444 1543 23
1463 1514 1597 1543 februarii
1612 1514 1691 1549 1596,
1706 1517 1782 1550 pont.
1794 1522 1838 1542 an.
1855 1521 1882 1541 ν.

1552 1677 1665 1711 CXXV.

1241 1784 1466 1828 Jtsetropolv'tae
1486 1784 1715 1818 nummorum
1734 1783 1922 1818 conceditur
1933 1784 1983 1828 sa-

1285 1837 1390 1872 cultas
1409 1837 1620 1871 consecrandi
1640 1837 1801 1882 episcopos
1820 1838 1875 1872 sui
1896 1837 1984 1871 ritus

1282 1902 1343 1936 pro
1373 1891 1514 1925 ecclesiis
1543 1891 1750 1932 vacantibus,
1784 1892 1844 1936 qui
1876 1895 1984 1924 tamen

1285 1944 1492 1988 metropolita
1515 1955 1534 1977 α
1558 1945 1704 1978 Romano
1735 1944 1894 1988 Pontifice
1924 1943 1980 1978 de-

1286 1997 1356 2030 beat
1376 1997 1568 2040 confirmari
1588 1998 1607 2031 ¹.

1274 2078 1409 2106 Clemens
1424 2078 1594 2113 opiscopus.
1608 2085 1716 2106 servus
1728 2085 1882 2107 servornm
1895 2077 1959 2114 nol,

1381 2132 1417 2160 nd
1433 2135 1609 2167 perpetuam
1629 2132 1673 2161 rei
1688 2133 1871 2161 memoriam.

1283 2204 1378 2237 Decet
1398 2204 1579 2237 Romanum
1600 2203 1806 2243 Pontificem,
1831 2213 1885 2237 eos
1905 2202 1977 2247 qui,

1239 2257 1344 2301 pravis
1364 2257 1573 2290 schismatum
1595 2256 1762 2290 erroribus
1787 2256 1917 2297 relictis,
1940 2255 1981 2290 ad

1239 2317 1366 2344 sanctae
1392 2310 1503 2343 matris
1523 2310 1683 2344 Ecclesiae
1704 2309 1859 2343 unitatem
1879 2309 1983 2343 redie-

1240 2370 1324 2404 runt,
1348 2364 1540 2409 specialibus
1567 2363 1726 2397 favoribus
1752 2362 1914 2408 prosequi,
1946 2367 1982 2397 ut

1240 2417 1282 2450 illi
1305 2418 1335 2450 in
1357 2418 1500 2451 eiusdem
1521 2417 1680 2452 Ecclesiae
1699 2417 1761 2451 fide
1779 2422 1810 2450 et
1829 2416 1982 2451 obedien-

1239 2470 1280 2503 tia
1298 2480 1336 2503 eo
1357 2470 1552 2504 constantius
1579 2476 1804 2514 perseverent,
1828 2479 1892 2514 quo
1920 2479 1978 2503 cu-

1239 2523 1464 2558 mulatioribus
1495 2523 1659 2557 beneficiis
1688 2534 1721 2557 sc
1752 2523 1883 2557 affectos
1912 2532 1981 2556 esse

1238 2577 1467 2622 perspexerint.

1273 2641 1282 2666 t
1308 2639 1344 2667 Ex
1362 2640 1469 2676 negent.
1484 2639 1511 2667 in
1526 2640 1632 2668 Secret.
1654 2639 1789 2668 nrevium.

1997 224 2048 252 An.
2063 224 2093 254 C.
2111 226 2125 253 1
2146 232 2155 249 Δ
2236 216 2239 258 Ξ

2024 979 2113 1001 Sanctio
2125 984 2153 1006 ‹p-
2172 997 2176 1003 .
2211 970 2214 971 ⁷

1997 1007 2058 1029 natis.

2021 2201 2128 2226 Pron-nt
2140 2214 2141 2218 =
2157 2197 2163 2209 “’
2197 2218 2207 2229 ,
