2253 3195
31 231 78 258 An.
95 232 123 257 C,
146 230 210 256 ico)

56 450 84 471 De
99 449 156 470 libris
172 448 210 468 sra-

31 480 82 498 trum
103 476 210 495 tlt-sunctu-

31 510 80 525 rum.

53 1350 163 1372 Praedicta
174 1352 214 1370 sta-

36 1379 78 1398 tuta
112 1377 213 1403 praecipit

36 1403 147 1425 obseriart.

77 1828 217 1855 Exequntnros

39 1854 123 1876 huiusce
142 1857 218 1876 consv-

41 1882 121 1902 tutionis
132 1883 218 1909 deputat

831 226 977 250 (tinxit-:Ns

225 284 324 315 etum,
348 277 535 320 praescitiin
551 287 681 309 casuum
704 275 917 307 eonscientiae
938 280 965 306 et
983 274 985 286 '

224 341 387 363 sacrarum
410 331 589 363 litterarum
611 334 837 373 praestantem.

270 385 285 424 g
308 383 358 415 25.
383 384 589 416 Declaramus
610 388 715 415 autem
740 381 845 425 quoad
873 380 963 413 ordi-

225 436 390 469 nationem
403 436 624 479 disponentem
647 436 746 468 libros
760 434 900 475 religiosi
913 434 966 466 de-

226 490 367 522 cedentis
388 489 509 522 extral‘ii
531 500 595 521 non
627 500 719 532 posse
745 499 778 521 er<
802 488 910 526 dome,
935 487 965 519 in

225 553 288 585 qna
308 542 490 582 decesserit,
516 541 649 583 intelligi
669 541 797 580 debere,
821 540 845 572 si
865 540 965 572 obiret

225 601 254 628 et
275 596 446 629 decederet
479 596 509 628 in
531 595 641 638 aliquo
663 592 830 627 conventu*
850 603 966 636 niagno

225 655 253 681 et
272 649 460 693 principali,
482 648 535 681 ubi
568 648 708 690 religiosi
742 647 967 680 conventuales

225 702 421 735 commorari
442 707 586 745 possunt,
611 712 674 734 non
697 707 802 734 autem
818 701 842 733 si
865 701 895 732 in
910 700 966 732 ali-

225 766 290 798 quo
311 755 470 788 coenobio
492 761 522 788 et
543 755 640 787 domo
659 754 792 795 exigua,
819 754 873 786 ubi
894 753 965 785 libri

226 814 428 841 remanentes
449 808 617 850 diligenter
635 808 788 840 custodiri
812 818 877 840 non
895 818 968 851 pos-

225 868 305 902 sent,
329 867 360 894 et
384 862 415 894 in
437 861 623 895 huiusmodi
644 867 760 894 eventu
781 861 884 893 solum
902 871 968 893 ma-

226 915 360 957 gistrum
375 916 570 957 generalem,
589 926 661 947 eum
680 914 869 958 provinciali
884 914 968 947 illius

226 970 411 1013 provinciae
425 970 480 1002 ubi
493 975 565 1002 sunt
581 969 666 1009 libri,
679 979 771 1012 posse
782 969 852 1001 illos
867 974 969 1001 trans-

228 1023 311 1056 ferre
344 1030 372 1057 et
406 1023 569 1067 applicare
598 1022 693 1055 alicui
723 1022 859 1064 collegio
885 1022 969 1054 illius

227 1077 410 1120 provinciae
429 1104 436 1116 ,
460 1081 514 1109 aut
532 1076 714 1115 conventui,
740 1075 770 1107 in
796 1086 860 1118 quo
888 1075 965 1107 reli-

227 1130 337 1172 giosus
349 1130 517 1163 defunctus
536 1129 768 1173 professionem
790 1129 968 1161 solemnem

228 1183 392 1224 emiserit,
416 1183 441 1216 si
462 1184 528 1227 ipse
553 1188 730 1216 conventus
757 1182 848 1215 suerit
874 1182 966 1226 prin-

229 1236 351 1280 cipalis.

274 1291 290 1332 ξ
312 1289 364 1322 96.
389 1289 545 1328 Quocirca
572 1289 691 1323 eisdem
714 1289 869 1331 magistro
884 1288 970 1321 etvi-

230 1343 317 1376 eario
341 1343 567 1385 generalibus,
591 1343 726 1386 aliisque
748 1342 823 1375 dieti
844 1341 971 1375 Ordinis

230 1396 388 1438 religiosis
406 1407 492 1430 nunc
512 1403 540 1430 et
567 1407 625 1440 pro
644 1402 789 1440 tempore
810 1395 972 1429 existenti-

229 1449 299 1491 bus,
321 1449 352 1482 in
366 1449 482 1482 virtute
493 1455 621 1483 sanctae
638 1449 853 1490 obedientiae,
870 1455 900 1482 et
912 1449 971 1482 sul)

229 1503 341 1547 poenis
365 1503 396 1536 in
424 1503 616 1547 supradictis
646 1503 771 1536 statutis
792 1508 819 1535 et
843 1503 972 1535 ordina-

231 1555 371 1589 tionibus
392 1556 569 1596 contentis,
593 1567 651 1600 per
675 1562 861 1600 praesentes
882 1567 972 1589 inan-

231 1610 344 1642 damus
363 1637 369 1650 ,
399 1616 434 1643 ut
454 1610 562 1643 onmia
583 1616 611 1642 et
643 1609 768 1652 singula
788 1610 971 1653 supradicta

230 1668 358 1703 statuta,
392 1663 588 1707 respective,
617 1669 775 1707 perpetuo
803 1664 973 1696 observent

232 1722 262 1749 et
282 1717 445 1750 observari
466 1722 578 1750 curent
598 1723 627 1750 et
650 1717 777 1750 saciant.

277 1772 293 1811 ἓ
314 1769 366 1803 27.
390 1770 547 1809 Quocirca
564 1770 800 1803 venerabilibus
822 1770 974 1803 fratribus

231 1823 433 1856 Toletanensi
449 1851 456 1863 ,
472 1823 652 1867 Hispalensi
667 1828 694 1856 et
710 1823 974 1865 Caesaraugusta-

233 1877 323 1910 nensi
344 1877 605 1921 archiepiscopis,
623 1882 875 1921 perpraesentes
887 1888 975 1910 eoni-

234 1930 391 1964 mittirnus
412 1936 442 1964 et
462 1932 673 1970 mandamus,
698 1936 857 1974 quatenus
889 1930 947 1974 ipsi
964 1958 970 1971 ,
990 1947 992 1958 ι

233 1984 366 2024 velduo,
383 1989 437 2017 aut
448 1994 531 2017 unus
545 1995 669 2024 eorum,
682 1994 739 2027 per
755 1994 788 2017 se
802 1984 849 2017 vel
861 1984 971 2025 alium,
989 2004 992 2030 Ι

233 2047 289 2069 seu
306 2037 384 2070 alios
398 2042 582 2081 praesentes
601 2037 735 2077 litteras,
753 2042 783 2069 et
795 2036 826 2069 in
840 2036 886 2069 eis
899 2047 975 2070 eon-

236 2096 321 2123 tenta
341 2101 565 2134 quaecumque
580 2117 587 2130 ,
610 2090 666 2122 ubi
693 2095 724 2123 et
745 2090 875 2133 quando
894 2101 974 2134 opus

234 2144 337 2184 suerit,
353 2149 383 2177 et
403 2144 529 2187 quoties
542 2153 600 2186 pro
620 2148 710 2186 parte
731 2143 890 2176 dictorum
906 2154 973 2176 ma-

234 2197 322 2239 gistri
345 2203 375 2229 et
391 2196 500 2230 vicarii
522 2196 690 2239 generalis,
719 2201 749 2228 et
769 2196 905 2228 alioruin
925 2203 991 2229 re-*

235 2251 422 2292 ligiosorum
458 2249 698 2293 praedictorum
715 2276 722 2287 ‚
754 2254 808 2281 aut
840 2249 975 2281 alieuius

235 2314 345 2337 eorum
367 2304 483 2336 suerint
502 2302 660 2346 requisiti,
689 2302 876 2335 solemniter
910 2313 972 2345 pu-

235 2357 410 2397 blicantes,
435 2356 544 2400 eisque
566 2356 597 2388 in
622 2355 807 2399 praemissis
837 2355 976 2387 etlivaeis

236 2411 431 2444 defensionis
451 2410 612 2454 praesidio
637 2409 830 2446 assistentes,
861 2408 993 2441 saciant*

236 2464 423 2497 auctoritate
441 2469 561 2502 nostra,
582 2468 698 2496 statuta
712 2467 743 2495 et
756 2462 977 2495 ordinationes

236 2517 416 2560 praedictas
437 2517 476 2549 ab
500 2516 661 2555 omnibns,
686 2516 725 2548 ad
747 2525 827 2558 quos
854 2510 994 2558 spectat*

238 2576 268 2603 et
288 2570 319 2603 in
341 2571 483 2604 futurum
504 2569 672 2613 spectabit,
700 2573 856 2612 perpetuo
878 2568 978 2601 invio-

237 2623 377 2657 labiliter
401 2623 574 2657 observari.
602 2621 861 2656 Contradietores
882 2631 977 2665 quos—

998 226 1055 248 viii
1076 226 1126 248 rr.
1649 211 1712 244 583

1001 271 1150 316 eumquess
1162 283 1217 316 per
1231 282 1381 305 censuras
1400 276 1430 303 et
1450 280 1569 314 poenas
1589 270 1741 302 eeclesia-

1000 326 1113 367 stieas,
1145 326 1274 369 aliaque
1305 329 1488 368 opportuna
1518 323 1595 355 iuris
1617 328 1646 355 et
1669 322 1741 355 sacti

1001 379 1155 419 remedia,
1179 378 1393 422 appellatione
1411 377 1599 421 postposita,
1612 386 1742 419 compe-

1000 433 1131 472 scendo,
1156 433 1301 465 invocato
1327 432 1422 464 etiam
1449 432 1487 463 ad
1507 431 1566 463 lioe
1586 458 1593 471 ,
1615 430 1641 463 si
1662 440 1742 473 opus

1001 486 1106 525 suerit,
1131 486 1249 518 auxilio
1267 485 1390 518 brachii
1411 484 1593 517 saecularis.

1044 539 1058 581 ἓ
1080 538 1131 571 28.
1156 539 1225 572 Non
1239 539 1442 571 obstantibus
1457 537 1742 571 constitutionilms

1001 598 1029 624 et
1043 592 1301 625 ordinationibus
1315 591 1509 635 apostolicis,
1523 602 1558 624 ac
1571 591 1640 623 aliis
1654 590 1740 623 eius-

1001 646 1073 678 dem
1088 646 1225 684 Ordinis,
1244 645 1339 678 etiam
1363 645 1554 684 iuramento,
1572 644 1744 677 confirma-

1002 699 1087 732 tione
1109 698 1285 742 apostoliea
1306 699 1353 731 vel
1375 698 1485 742 quavis
1506 698 1657 730 firmitate
1683 698 1745 730 alia

1002 753 1183 793 roboratis,
1219 753 1345 785 statutis
1371 758 1401 785 et
1432 751 1741 791 consuetudinibus,

1002 805 1177 849 privilegiis
1198 816 1338 849 quoque,
1355 805 1484 838 indultis
1499 811 1529 837 et
1543 804 1655 837 litteris
1669 814 1745 848 apo-

1001 858 1121 891 stolicis
1142 859 1244 891 eidem
1260 858 1382 899 ordini,
1407 858 1556 901 illiusque
1579 857 1742 899 magistro,

1002 912 1121 945 vicario
1140 918 1170 945 et
1194 913 1346 945 fratribus
1367 911 1540 956 praedietis
1563 911 1593 943 in
1616 916 1744 943 eontra-

1003 965 1086 998 rium
1112 966 1365 1009 praemissorum
1387 965 1634 1009 quomodolibet
1662 974 1743 997 con-

1003 1018 1109 1059 cessis,
1134 1019 1332 1052 eonfirmatis
1355 1024 1386 1051 et
1406 1018 1603 1061 approbatis.
1625 1017 1746 1056 Quibus

1004 1071 1154 1104 omnibus
1166 1077 1194 1104 et
1216 1072 1487 1114 singulis,eoruin
1511 1076 1636 1103 tenores
1647 1080 1743 1113 prae-

1003 1125 1145 1158 sentibus
1166 1136 1225 1169 pro
1240 1125 1397 1169 expressis
1418 1125 1585 1164 habentes,
1609 1124 1667 1157 hac
1680 1124 1746 1156 vice

1004 1179 1168 1211 dumtaxat
1181 1179 1364 1222 specialiter
1385 1184 1413 1211 et
1436 1189 1584 1222 expresse
1605 1179 1745 1220 deroga-

1005 1231 1744 1276 inus‚caeterisquecontrariisquibuscumque.

1048 1286 1161 1318 Datum
1176 1286 1297 1318 Romae
1318 1285 1403 1329 apud
1421 1285 1450 1318 S.
1468 1285 1597 1318 Petrum
1613 1285 1671 1317 sub
1690 1294 1748 1316 an—

1004 1339 1082 1372 nulo
1102 1339 1293 1379 piscatoris,
1318 1339 1369 1372 die
1390 1350 1408 1373 x
1437 1339 1542 1372 martii
1567 1349 1643 1377 noc,
1667 1349 1748 1382 pon-

1007 1393 1144 1426 tificatus
1173 1393 1273 1426 nostri
1301 1403 1386 1426 anno
1407 1403 1449 1426 ix.

1043 1455 1101 1482 Dat.
1120 1455 1163 1482 die
1180 1456 1213 1482 to
1228 1456 1316 1482 martii
1336 1456 1411 1489 1600,
1429 1459 1503 1491 pont.
1521 1463 1564 1482 an.
1583 1462 1616 1482 tx.

1301 1669 1452 1703 ccxxxi.

1010 1776 1219 1819 Confirmatio
1231 1776 1418 1809 Iitterarzmt
1427 1775 1511 1808 Iulii
1520 1775 1593 1809 [let
1603 1775 1687 1809 Iulii
1695 1776 1755 1809 III

1052 1837 1262 1879 Pontificum,
1282 1837 1401 1880 quibus
1426 1837 1623 1870 wrirersilas
1647 1837 1752 1869 sluclii

1052 1899 1215 1943 (feneratis
1233 1900 1272 1932 de
1286 1900 1394 1932 Alcalz'i
1414 1900 1453 1932 de
1474 1900 1617 1932 Henares
1637 1910 1658 1932 a
1670 1910 1752 1943 qua—

1053 1974 1190 2007 cumque
1203 1963 1430 1996 iurisdictione
1443 1963 1676 2006 archiepiscopi
1693 1963 1751 1995 To-

1054 2026 1156 2059 letani
1182 2026 1360 2066 effutitur,
1394 2025 1520 2068 solique
1548 2024 1752 2067 Apes-{olicae

1052 2087 1128 2120 Sodi
1147 2087 1291 2120 subiecta
1311 2086 1499 2119 declaratur
1511 2086 1530 2119 ¹.

1221 2177 1354 2204 Clemens
1370 2177 1449 2209 Papa
1459 2177 1538 2208 vul,

1133 2231 1169 2257 ad
1187 2233 1364 2263 perpetuam
1383 2230 1430 2256 rei
1444 2230 1626 2256 memoriam.

1053 2301 1095 2333 Ex
1117 2300 1262 2333 iniuncto
1283 2300 1376 2333 nobis
1397 2301 1536 2343 desuper
1556 2299 1752 2343 apostolicae

1009 2353 1169 2386 servitutis
1193 2353 1300 2386 officio
1322 2353 1381 2393 iis,
1416 2363 1498 2396 qnae
1526 2353 1565 2385 ad
1595 2353 1750 2386 maiorem

1010 2407 1228 2439 studiosorum
1251 2406 1393 2449 quietem
1417 2412 1444 2438 et
1470 2406 1749 2449 tranquillitatem,

1010 2460 1186 2503 apostoliea
1206 2461 1396 2493 anctoritate
1419 2461 1500 2493 saeta
1522 2461 1617 2493 fuisse
1639 2461 1752 2494 dicun-

1011 2519 1072 2551 tur,
1097 2519 1132 2546 ut
1152 2513 1296 2546 firmiora
1316 2513 1389 2553 sint,
1415 2514 1553 2547 libenter
1574 2525 1645 2547 cum
1662 2525 1679 2547 a
1696 2525 1754 2547 no-

1012 2566 1058 2599 bis
1080 2567 1208 2611 petitur,
1226 2568 1327 2600 robur
1339 2568 1552 2611 apostolicum
1565 2568 1747 2602 adiicimus.

1048 2631 1055 2656 ¹
1081 2629 1117 2656 Ex
1134 2629 1239 2665 aegest.
1256 2629 1281 2657 in
1297 2630 1400 2658 snei-ct.
1417 2629 1551 2659 Rrerium.

1760 221 1810 246 An.
1827 220 1854 246 (ἶ.
1874 220 1941 246 11300

1773 547 1885 572 nerogatio
1894 551 1943 567 cou-

1758 574 1878 595 irai-iurum.

1799 2305 1918 2326 Exordium.
