2253 3195
48 240 99 267 Au.
115 238 143 266 C.
168 237 234 266 ¹595

71 1306 158 1333 Altaque
178 1306 228 1333 dog-

0 1356 1 1359 ,
44 1335 107 1354 mata.

72 2105 102 2127 De
114 2106 206 2127 ieiuniis.

871 235 1018 260 CLEMENS
1035 235 1093 258 VIII
1111 234 1160 258 PP.

244 285 332 318 nullo
351 285 448 318 modo
468 285 653 328 permittam
676 290 727 318 aut
755 284 935 328 patiantur,
959 289 989 317 et

244 338 346 382 siqua
366 339 404 372 de
424 339 507 371 sacto
527 343 770 382 processerunt,
789 338 877 370 nulla
894 343 923 371 et
945 337 986 369 ir-

244 392 304 425 rita
330 392 504 425 declarent.

288 444 417 478 Maritus
442 445 559 478 latinus
584 444 692 477 uxoris
724 454 857 487 graecae
889 444 986 476 ritum

243 509 309 532 non
329 504 494 542 sequatur.

286 552 397 586 Latina
410 562 566 585 uxornon
588 557 742 595 sequatur
762 550 858 583 ritum
882 550 987 583 mariti

242 605 361 648 graeci.

285 658 405 692 Graeca
424 669 500 692 vero
520 668 600 691 uxor
621 663 774 701 sequatur
794 656 892 689 ritum
914 667 984 689 ma-

243 712 296 746 riti
318 712 420 745 latini.

287 766 378 805 Quod
406 765 431 799 si
461 765 492 798 id
522 764 592 798 sieri
624 775 688 798 non
719 764 829 808 possit,
853 763 988 807 quisque

244 819 419 862 coniugum
440 819 472 852 in
493 829 551 852 suo
572 819 650 866 ritu,
675 818 835 851 catholico
856 823 984 857 tamen,
1004 855 1006 874 ³

243 883 375 907 manere
395 872 612 917 permittatur.
1004 906 1006 922 μ

287 927 397 960 Proles
417 931 570 970 sequatur
590 925 689 970 patris
703 925 812 965 ritum,
826 924 885 957 nisi
897 935 987 968 prae-
1004 929 1006 952 t

243 979 379 1013 valuerit
399 985 501 1012 mater
521 979 629 1012 latina.
1004 990 1006 1021 g

286 1033 456 1077 Presbyter
482 1043 617 1076 graecus
637 1032 840 1075 coniugatus,
856 1037 928 1065 ante
940 1042 988 1064 sa-

242 1097 332 1120 crum
364 1087 581 1127 sacrificium,
605 1097 660 1120 seu
689 1091 831 1119 sanctam
858 1085 986 1118 missam

243 1140 484 1181 celebrandam,
507 1140 556 1173 vel
578 1150 636 1183 per
656 1139 894 1172 hebdomadam
909 1166 916 1179 ‚
939 1139 987 1171 vel
1004 1142 1006 1156 ¹

242 1204 301 1238 per
322 1193 465 1227 triduum
485 1193 642 1227 abstineat
663 1193 702 1227 ab
723 1204 834 1226 uxore.

288 1249 305 1290 g
326 1247 356 1280 6.
380 1247 492 1282 Graeci
513 1248 645 1280 credere
672 1252 830 1285 tenentur,
854 1247 950 1279 etiam
971 1257 988 1279 a

243 1301 323 1335 Filio
344 1301 499 1345 Spiritum
531 1301 683 1334 Sanctum
714 1300 889 1344 procedere
903 1328 910 1339 ‚
933 1301 988 1333 sed

243 1366 308 1389 non
329 1360 481 1389 tenentur
504 1355 721 1399 pronunciare
734 1383 741 1396 ,
762 1355 822 1387 nisi
843 1355 986 1388 subesset

243 1410 453 1448 scandalum,
477 1409 667 1453 praesertim
699 1409 724 1442 si
754 1409 873 1451 degant
907 1408 990 1441 inter

243 1462 373 1496 Latinos
386 1490 393 1503 ‚
414 1468 469 1496 aut
488 1462 660 1495 necessitas
686 1463 864 1506 postularet
890 1462 990 1495 confi-

244 1516 332 1549 tendi
351 1515 450 1549 sidem
470 1515 675 1556 catholicam,
697 1515 773 1559 quia
794 1521 870 1548 tunc
891 1526 988 1559 opor-

244 1574 325 1603 teret
345 1569 441 1602 etiam
461 1569 691 1612 pronunciare.

288 1623 459 1666 Nunquam
480 1622 648 1655 monachis
668 1622 791 1665 graecis
818 1633 874 1655 seu
898 1623 989 1656 Calo-

244 1676 328 1719 geris
348 1676 531 1709 animarum
556 1687 633 1709 cura
664 1675 905 1715 committatur,
929 1676 1008 1722 nisi!

244 1741 281 1764 ex
300 1730 502 1771 necessitate,
522 1731 571 1763 vel
591 1730 654 1763 alia
671 1730 754 1764 iusta
774 1741 879 1764 causa.

287 1783 467 1828 Presbyteri
488 1784 668 1817 saeculares
692 1784 813 1826 graeci,
835 1784 989 1818 abiuratis

243 1837 416 1870 schismate
437 1843 468 1870 et
487 1837 662 1877 erroribus,
687 1843 782 1881 atque
807 1838 839 1870 in
860 1838 923 1871 fide
937 1849 989 1872 ca·
1006 1853 1008 1869 ι

243 1890 362 1925 tholica
385 1891 467 1924 bene
495 1891 663 1931 instructi,
687 1891 719 1924 in
749 1892 990 1935 parochialibus

242 1954 299 1977 seu
319 1943 438 1977 curatis
467 1944 609 1977 ecclesiis
639 1944 835 1978 Graecorum
868 1944 989 1979 institui

244 2002 389 2041 possunt.

287 2051 486 2084 Tolerandus
501 2056 547 2084 est
560 2051 646 2095 apud
664 2051 802 2085 Graecos
822 2063 898 2086 usus
919 2063 990 2086 car-

244 2104 334 2138 nium
356 2104 408 2137 die
427 2104 566 2145 sabbati,
582 2104 638 2137 ubi
658 2104 727 2138 sine
747 2106 898 2138 scandalo
920 2106 990 2139 fieri

244 2164 359 2202 potest,
382 2158 415 2191 in
435 2159 515 2192 locis
541 2164 647 2192 tamen
675 2159 820 2203 ipsorum
853 2165 884 2193 et
908 2160 991 2193 inter

244 2222 299 2246 eos
321 2217 456 2245 tantum.

287 2267 366 2300 Item
387 2266 592 2299 tolerandum
622 2272 689 2307 est,
713 2271 748 2299 ut
767 2267 807 2300 ad
833 2267 989 2300 ieiunium

244 2319 358 2353 eodem
377 2319 428 2353 die
448 2319 572 2353 sabbati
593 2319 625 2352 in
643 2320 883 2364 qudragesima,
900 2330 990 2354 exce-

243 2378 298 2416 pto
318 2383 383 2406 uno
412 2372 545 2406 sabbato
565 2378 687 2412 sancto,
712 2383 748 2406 ex
768 2373 899 2417 antiqua
921 2379 986 2406 tra-

244 2425 365 2459 ditione
385 2435 450 2459 non
470 2431 660 2467 teneantur,
684 2427 740 2460 sed
762 2427 926 2460 dumtaxat
949 2427 988 2460 ad

244 2478 482 2512 abstinentiam.

268 2532 323 2578 ⁶In
344 2532 471 2565 ieiuniis
491 2532 655 2573 biduanis,
676 2533 724 2566 vel
746 2532 917 2573 triduanis,
940 2533 988 2567 vel

245 2585 322 2619 alias
352 2596 371 2619 a
401 2585 620 2628 dioecesanis,
650 2586 698 2620 vel
729 2586 761 2619 in
793 2586 942 2620 iubilaeis
972 2597 990 2620 a

246 2637 379 2673 Summo
405 2638 550 2673 Romano
571 2639 728 2674 Pontifice
754 2639 898 2681 indictis,
922 2640 990 2675 dies

1022 282 1146 316 sabbati
1167 282 1198 315 in
1219 281 1264 315 eis
1289 279 1584 325 compraehensus,
1608 278 1656 311 vel
1677 288 1769 322 prae-

1022 336 1180 379 scriptus,
1211 335 1242 367 in
1275 335 1373 367 alium
1406 333 1490 366 diem
1530 343 1588 376 pro
1620 331 1769 375 plebibus

1022 389 1144 430 graecis
1173 389 1212 420 ab
1243 388 1319 432 ipsis
1349 386 1568 425 dioecesanis,
1592 384 1769 429 apostolica

1023 443 1213 475 auctoritate
1228 441 1418 475 sanctissimi
1437 440 1565 473 Domini
1587 439 1688 472 nostri
1709 439 1769 472 Do-

1024 495 1102 528 mini
1120 495 1292 529 Clementis
1313 494 1419 527 divina
1439 492 1643 537 providentia
1663 492 1768 536 Papae

1023 549 1143 587 octavi,
1167 548 1364 592 permittitur
1384 547 1588 580 commutari.

1067 602 1097 636 Si
1119 602 1178 645 ipsi
1206 602 1317 635 Graeci
1338 602 1378 634 ad
1410 600 1665 634 observationem
1689 599 1769 632 ieiu-

1023 655 1150 688 niorum
1177 660 1205 687 et
1238 654 1418 697 vigiliarum
1449 653 1578 686 Latinae
1608 652 1769 686 Ecclesiae

1024 709 1131 742 induci
1161 715 1292 752 possent
1312 708 1469 752 optimum
1492 712 1592 745 esset3
1616 707 1671 739 sed
1703 716 1768 739 non

1024 769 1275 805 rogatum-‚cum
1299 762 1357 806 ipsi
1380 761 1523 805 qualibet
1545 760 1765 799 hebdomada,

1023 817 1142 850 etferia
1163 822 1277 860 quarta
1297 822 1326 849 et
1350 816 1428 849 seria
1448 821 1534 848 sexta
1558 815 1710 847 iciunent.

1067 871 1180 904 Graeci
1201 870 1371 904 existentes
1385 869 1468 902 inter
1481 868 1620 907 Latinos,
1636 868 1704 901 dies
1725 868 1769 900 fe-

1023 930 1087 957 stos
1101 924 1140 956 de
1154 929 1328 967 praecepto
1346 923 1488 956 eiusdem
1511 922 1640 955 Latinae
1661 921 1768 954 Eccle-

1023 977 1088 1010 siae
1109 988 1235 1010 servare
1256 983 1437 1010 teneantur.

1068 1032 1082 1075 ξ
1104 1031 1132 1064 7.
1156 1032 1289 1075 Insuper
1310 1031 1394 1064 idem
1416 1029 1640 1064 Sanctissimus
1660 1029 1767 1062 Domi-

1022 1096 1082 1117 nus
1108 1090 1218 1118 noster
1243 1084 1408 1117 constituit
1431 1084 1551 1116 Romae
1582 1083 1767 1115 habendum

1023 1149 1091 1171 esse
1113 1138 1301 1182 episcopum
1322 1148 1473 1179 graecum
1488 1136 1696 1175 catholicum,
1713 1136 1768 1179 qui

1004 1192 1162 1226 :Graecos
1183 1192 1344 1236 episcopis
1364 1191 1471 1224 latinis
1492 1190 1602 1223 ltaliae
1623 1195 1653 1222 et
1683 1189 1769 1222 insu-

1022 1247 1165 1279 sularum
1187 1246 1401 1279 adiacentium
1430 1245 1612 1284 subiectos,
1636 1244 1675 1276 ab
1696 1243 1766 1287 epi-

1023 1310 1122 1344 scopo
1147 1300 1263 1343 graeco
1289 1298 1431 1332 ordinari
1452 1299 1611 1337 volentes,
1636 1308 1709 1329 cum
1730 1296 1769 1329 il-

1025 1354 1128 1386 lorum
1159 1352 1351 1386 dimissoriis
1372 1352 1413 1385 ad
1439 1351 1470 1384 itl
1502 1356 1625 1384 tanturn
1655 1360 1769 1383 conce-

1024 1407 1148 1447 dendis,
1173 1406 1235 1439 ritu
1257 1416 1373 1448 graeco
1394 1405 1532 1438 ordinet.

1069 1463 1084 1503 g
1107 1459 1136 1493 8.
1157 1461 1203 1494 lta
1219 1460 1376 1494 Sanctitas
1389 1459 1452 1493 Sua
1466 1470 1503 1492 ex
1524 1457 1681 1491 sententia
1694 1467 1769 1490 con-

1025 1514 1222 1557 gregationis
1250 1525 1347 1557 super
1377 1512 1608 1546 reformatione
1632 1511 1770 1546 Graeco—

1025 1579 1096 1600 rum
1123 1567 1261 1600 [lecrevit
1283 1572 1311 1600 et
1334 1566 1505 1600 declaravit
1528 1576 1564 1599 ac
1589 1565 1659 1599 lieri
1680 1575 1770 1597 man-

1026 1621 1122 1654 davit.

1068 1675 1182 1708 Datum
1204 1675 1325 1708 Romae
1352 1674 1384 1707 in
1410 1673 1528 1718 palatio
1553 1672 1667 1706 Montis
1688 1671 1767 1712 Qui-

1026 1728 1134 1761 rinalis
1155 1728 1240 1772 apud
1259 1728 1289 1762 S.
1313 1728 1466 1767 Marcum,
1485 1726 1537 1760 die
1557 1736 1630 1760 xxxi
1652 1725 1771 1758 mensis

1025 1782 1163 1824 augusti,
1178 1792 1263 1815 anno
1282 1781 1408 1815 Domini
1430 1790 1548 1820 MDxcv,
1563 1779 1771 1824 pontificatus

1025 1836 1072 1870 sui
1097 1846 1182 1869 anno
1204 1841 1330 1879 quarto.

1061 1889 1118 1916 Dat.
1137 1889 1180 1916 die
1197 1890 1230 1916 30
1244 1888 1350 1924 augusti
1367 1888 1445 1920 1595,
1464 1890 1537 1923 pont.
1556 1895 1600 1914 an.
1617 1893 1654 1914 lv.

1347 2004 1446 2038 CXIII.

1025 2070 1180 2105 Facultas
1200 2068 1467 2113 reformatoribus
1496 2067 1639 2100 civitatis
1658 2067 1767 2100 Bono-

1069 2123 1193 2156 niensis
1217 2122 1391 2165 vectiqalv'a
1410 2120 1575 2154 nonnulla
1601 2120 1745 2164 molendi
1759 2148 1766 2161 ,

1070 2181 1098 2209 et
1117 2187 1200 2210 notia
1220 2177 1338 2219 aliqua
1358 2173 1550 2218 imponendi
1574 2173 1593 2207 ¹.

1025 2240 1150 2268 Dilectis
1166 2239 1238 2266 filiis
1254 2238 1421 2266 vexillifero
1438 2240 1469 2264 et
1484 2236 1622 2272 regimini
1638 2236 1770 2264 virorum

1059 2285 1290 2312 reformatorum
1313 2283 1416 2310 Status
1443 2282 1606 2309 Libertatis
1632 2281 1769 2309 civitatis

1059 2333 1181 2357 nostrae
1202 2328 1396 2356 Bononiensis

1203 2376 1359 2407 Clemens
1380 2376 1474 2416 Papa
1495 2374 1587 2405 VIII.

1090 2435 1197 2463 Dilecti
1217 2435 1288 2468 filii,
1309 2435 1439 2461 salutem
1455 2437 1486 2461 et.
1506 2432 1703 2468 apostolicam

1271 2478 1523 2505 benedictionem.

1067 2533 1196 2573 Graves,
1218 2531 1334 2576 quibus
1356 2531 1386 2564 in
1410 2531 1503 2564 tantis
1524 2531 1621 2565 totius
1642 2531 1769 2565 chistia-

1024 2597 1083 2620 nae
1103 2586 1301 2630 reipublicae
1330 2585 1566 2619 calamitatibus
1595 2585 1765 2630 angimur,

1062 2651 1071 2676 1
1092 2648 1129 2676 Ex
1146 2648 1251 2684 Regest.
1270 2648 1297 2675 in
1321 2648 1424 2676 Secret.
1445 2647 1580 2676 Brevtum.

1781 229 1830 255 An.
1848 228 1877 255 C.
1900 228 1969 256 ¹595

1850 1036 1968 1061 Episcopo<

1783 1068 1872 1092 graecus
1890 1062 1968 1083 Itomae

1784 1092 1817 1113 stt,
1833 1092 1869 1109 etr.

1812 1463 1903 1484 Decreta
1919 1469 1969 1489 pon-

1785 1490 1857 1511 [isicia.
