2253 3195
776 283 874 307 INDEX
894 283 1097 308 RUBRICAIIUM

186 343 322 378 LXXIII.
340 344 526 377 Declaratur
545 344 841 378 confraternitatem
854 355 925 378 san-

273 398 314 431 cti
339 398 466 431 loannis
496 397 645 431 decollati
676 397 925 432 Florentinensis

272 461 337 484 non
367 462 435 484 esse
463 457 642 494 exemptam
665 462 682 484 a
704 451 942 486 iurisdictione,

272 504 445 545 Ordinarii,
475 504 526 538 80.

184 558 315 591 LXXIV.
343 558 528 602 Suppressis
559 559 722 591 nonnullis
749 559 863 592 officiis
894 559 924 591 in

270 611 467 644 bibliotheca
489 617 519 645 et
540 612 750 656 typographia
761 613 922 653 Vaticana,

269 664 413 709 quinque
438 665 546 698 officia
577 671 796 698 correctorum
827 666 925 699 libro-

270 729 342 751 rum
366 724 431 751 tum
454 729 642 761 graecorum
662 724 729 751 tum
750 719 923 752 latinorum

271 772 439 815 eriguntur
460 773 490 804 in
512 773 624 805 cadem
647 772 851 813 bibliotheca,
869 773 920 806 81.

181 825 300 858 LXXV.
318 825 489 859 [invocatio
511 826 695 858 facultatum
712 826 856 869 patribus
869 826 924 859 So-

270 879 392 912 cietatis
413 880 483 912 Iesu
497 889 723 912 concessarum
738 879 923 912 absolvendi

269 933 308 965 ab
329 932 454 965 haeresi
476 933 507 965 in
536 933 642 975 regnis
674 933 920 977 Hispaniarum,

269 986 301 1019 in
329 987 446 1030 quibus
473 986 620 1019 Officium
651 987 681 1019 S.
706 977 941 1036 Inquisitionisf

269 1040 386 1080 existit,
407 1039 459 1073 83.

181 1092 314 1126 LXXVI.
346 1094 514 1126 Mandatur
543 1093 695 1137 episcopo
727 1094 858 1127 Pacensi
890 1100 923 1127 ut

268 1153 444 1190 exequatur
465 1147 628 1180 decretum
649 1148 765 1180 Sacrae
786 1148 940 1189 Congt·e-¹

268 1200 406 1243 gationis
430 1200 562 1234 Concilii
594 1200 679 1233 circa
704 1201 923 1234 ordinationes

267 1264 425 1286 novorum
447 1253 711 1293 ctu-istianorum,
735 1253 786 1287 84.

179 1306 331 1340 Lxxvu.
365 1307 589 1347 Protomedtct
614 1313 642 1339 οι
676 1307 805 1350 Collegit
837 1286 939 1352 phy-i

266 1361 408 1394 sicorum
436 1361 475 1394 de
506 1361 590 1394 Urbe
621 1361 798 1395 iurisdictio
820 1368 850 1395 ct
871 1363 918 1395 sa-

267 1415 411 1455 cultates,
434 1413 486 1447 85.

179 1468 344 1502 LXXVIII.
368 1468 525 1502 Extinetio
554 1469 657 1501 litium
688 1480 784 1512 super
809 1480 918 1502 exem-

266 1522 431 1566 ptionibus
454 1523 640 1555 monasterii
658 1523 688 1556 S.
712 1523 872 1556 Laurentii
894 1524 923 1556 el

265 1576 347 1610 Real
367 1576 494 1610 Ordinis
519 1577 548 1610 S.
577 1577 775 1621 Hieronymi,
799 1576 850 1610 87.

178 1629 316 1663 LXXIX.
340 1630 518 1663 Declaratio
539 1641 636 1673 super
660 1630 763 1663 causis
790 1641 920 1674 praece-

266 1685 447 1718 dentiarum
467 1685 550 1718 inter
569 1685 749 1728 Capitulum
772 1691 801 1718 et
822 1685 921 1727 magi-

266 1744 401 1771 stratum
420 1739 630 1779 rotonenses,
643 1749 714 1772 cum
734 1739 920 1772 avoc-mione

266 1792 400 1825 aliarum
427 1802 596 1825 causarum
624 1792 707 1825 inter
733 1792 919 1836 episcopum

264 1851 295 1879 et
312 1845 494 1889 Capitulum
513 1846 655 1879 eiusdem
678 1847 831 1880 ecclesiae
852 1858 920 1880 ver—

264 1900 413 1941 tentium,
438 1898 490 1933 90.

177 1952 298 1987 LXXX.
313 1953 478 1997 Separatio
499 1953 762 1997 Congregationis
784 1955 916 1988 fratrum

264 2006 533 2040 Discalceatorum
559 2007 687 2040 Ordinis
718 2008 830 2041 beatae
857 2009 918 2041 llla-

265 2059 330 2092 riae
352 2060 391 2093 de
411 2060 515 2093 Monte
539 2060 703 2101 Carmelo,
728 2072 745 2094 a
766 2062 917 2095 fratribus

264 2112 412 2155 Mitigatis
436 2113 513 2147 dicti
533 2113 671 2155 Ordinis,
696 2120 726 2148 et
743 2115 917 2149 declaratio

264 2166 407 2200 muneris
427 2168 645 2211 praelatorum
667 2167 770 2202 dictae
784 2169 918 2212 Congre-

264 2220 412 2263 gafionis,
436 2232 508 2254 cum
535 2221 709 2264 gratiarum
729 2223 913 2256 eommuni-

263 2273 401 2315 catione,
426 2274 478 2308 92.

174 2326 308 2360 LXXXI.
326 2327 386 2361 Sex
411 2328 551 2362 decimas
571 2340 667 2373 super
687 2331 837 2364 omnibus
862 2331 916 2364 be-

262 2379 384 2414 neficiis
405 2381 638 2423 ecclesiasticis,
654 2384 873 2417 saecularibus
887 2390 913 2418 et

262 2432 480 2474 regularibus,
505 2433 536 2465 in
556 2439 620 2467 tota
644 2435 750 2476 ltalia,
775 2435 916 2480 aliasque

262 2485 403 2519 decimas
440 2497 491 2519 sex
519 2497 616 2531 super
647 2488 803 2522 fructibus
832 2501 913 2533 qua—

261 2549 474 2583 rumcumque
495 2541 685 2584 pensionum
705 2543 840 2586 imponit
859 2555 916 2587 pro

262 2591 347 2625 bello
361 2598 473 2626 contra
487 2593 613 2635 Turcas,
627 2596 766 2640 exceptis
784 2597 916 2630 Sanctae

263 2645 427 2679 Romanae
453 2646 612 2681 Ecclesiae
633 2649 862 2692 cardinalibus,
887 2656 918 2684 et

264 2698 435 2733 duodecim
443 2699 749 2744 Congregationibus
759 2703 880 2737 Ordiuu
887 2715 914 2736 m

313 2761 392 2790 Bulz.
410 2763 493 2791 Rom.
515 2763 573 2791 Vol.
591 2764 623 2792 Χ.
842 2767 891 2793 118

1606 272 1669 307 937

1048 355 1112 378 uon
1144 344 1418 385 mendicantium,
1449 355 1531 389 quae
1565 355 1701 378 concor-

940 394 942 424 ῗ
1048 399 1132 431 diam
1154 410 1227 432 curn
1255 399 1386 433 Camera
1406 398 1590 442 Apostolica
1614 398 1698 432 inie-

1047 458 1122 485 runt
1148 463 1245 496 super
1273 452 1433 485 solutione
1460 451 1594 484 subsidii
1615 451 1700 485 ordi-

940 495 942 533 i
1048 506 1131 538 narii
1153 506 1354 550 temporibus
1380 506 1424 538 I'ii
1445 505 1502 538 PP.
1524 506 1558 547 V,
1582 504 1634 538 98.

959 575 1111 609 LXXXII.
1141 576 1309 610 Concessio
1341 577 1583 620 privilegiorum
1616 587 1700 610 mer-

1048 630 1210 663 catoribus
1230 631 1270 663 ad
1290 636 1418 674 portum
1445 631 1577 664 civitatis
1598 632 1701 664 Anco-

1047 695 1106 717 nae
1144 696 1267 718 merces
1305 685 1548 725 advehentibus,
1576 685 1624 717 vel
1657 685 1700 717 ibi

1047 744 1248 771 mercaturae
1273 749 1368 772 causa
1395 738 1594 771 domicilium
1625 748 1701 771 con-

1046 792 1261 832 stituentibus,
1285 798 1315 825 et
1333 792 1510 825 iurisdictio
1532 792 1700 825 consulum

1047 845 1176 878 illorum
1199 856 1310 878 causas
1327 845 1553 888 cognoscendi,
1577 844 1652 878 104.

961 916 1119 949 LXXXIII.
1137 916 1283 949 Facultas
1296 916 1542 959 Congregationi
1563 915 1700 950 Clerico-

940 960 941 965 ¹
1047 980 1119 1003 rum
1155 970 1400 1003 Ministrantium
1437 969 1576 1003 Infirmis
1612 970 1696 1004 recit-

1045 1024 1155 1067 piendi
1191 1024 1327 1057 novitios
1362 1024 1402 1056 ad
1440 1023 1605 1065 habiturn,
1635 1035 1699 1058 non

1046 1084 1211 1122 expectato
1231 1078 1375 1122 Capitulo
1393 1078 1535 1121 generali
1552 1088 1611 1111 nce
1626 1089 1700 1122 pro-

1046 1132 1184 1173 vinciali,
1209 1132 1409 1173 conceditur,
1434 1131 1508 1165 108.

958 1202 1123 1235 LXXXIV.
1153 1204 1299 1237 Facultas
1325 1203 1496 1237 duodecim
1522 1203 1700 1247 Congrega-

1046 1256 1187 1289 tlonibus
1219 1257 1442 1299 regularibus,
1470 1267 1554 1300 quae
1574 1267 1592 1290 a
1612 1258 1698 1290 solu-

1047 1310 1132 1343 tione
1158 1310 1356 1344 decimarum
1385 1311 1608 1354 impositarum
1640 1322 1699 1355 pro

1045 1365 1129 1397 bello
1150 1370 1261 1398 contra
1290 1365 1407 1398 Turcas
1435 1365 1559 1398 fuerant
1587 1375 1696 1398 exem-

1045 1423 1137 1461 ptae,
1161 1418 1300 1460 augendi
1321 1419 1459 1452 Mentem
1485 1418 1697 1452 novennalem

1044 1482 1103 1514 pro
1131 1482 1258 1504 summa
1278 1472 1441 1514 sexaginta
1470 1471 1607 1504 millium
1629 1482 1699 1505 scu-

1046 1530 1150 1558 torum
1173 1525 1204 1558 in
1225 1526 1373 1559 eamdem
1406 1536 1472 1559 rem
1504 1526 1696 1569 impenden-

1044 1578 1172 1619 dorum,
1197 1577 1270 1611 109.

1087 1649 1239 1693 Sequitur
1264 1650 1468 1683 confirmatio
1494 1650 1698 1683 instrumenti

1045 1703 1084 1736 ab
1099 1703 1211 1737 iisdem
1226 1704 1533 1747 Congregationibus
1545 1704 1613 1737 initi
1625 1715 1697 1737 cum

1044 1758 1117 1790 Rev.
1126 1758 1256 1791 Camera
1266 1758 1447 1802 Apostolica
1457 1769 1515 1802 pro
1526 1765 1698 1801 augmento

1043 1811 1156 1844 Montis
1177 1812 1374 1853 novennalis,
1399 1811 1473 1844 113.

956 1882 1105 1916 LXXXV.
1122 1883 1267 1916 Vicarius
1279 1883 1442 1917 Turritani
1463 1883 1696 1928 archiepiscopi

1043 1936 1216 1981 deputatur
1237 1937 1477 1971 commissarius
1502 1938 1697 1981 apostolicus

1042 1991 1080 2023 ad
1103 1990 1305 2034 recipiendas
1333 1991 1473 2024 rationes
1498 1991 1537 2024 ab
1558 2001 1697 2025 oecono-

1041 2043 1101 2076 mis
1115 2044 1323 2077 ecclesiarum
1337 2044 1504 2078 Sardiniae
1517 2055 1614 2088 super
1624 2054 1695 2088 spo·

1042 2097 1090 2130 liis
1119 2098 1438 2143 archiepiscoporum
1471 2104 1501 2132 et
1529 2098 1695 2142 episcopo-

1041 2163 1132 2192 rum,
1155 2153 1381 2197 fructuumque
1409 2153 1615 2187 ecclesiarum
1642 2163 1694 2185 va-

1041 2206 1196 2247 cantium,
1221 2206 1295 2239 ¹120.

954 2267 1118 2301 LXXXVI.
1142 2269 1346 2302 Canonizatio
1371 2269 1401 2302 S.
1424 2269 1613 2313 Hyacinthi,
1637 2268 1694 2302 Or-

1041 2321 1123 2355 dinis
1144 2322 1276 2355 fratrum
1295 2322 1570 2361 I'racdieatorum,
1592 2328 1622 2355 et
1644 2323 1690 2356 se-

1039 2375 1183 2408 stivitatis
1205 2375 1360 2409 institutio
1382 2386 1439 2419 pro
1461 2376 1511 2409 die
1533 2386 1583 2409 xv1
1598 2386 1691 2409 men-

1040 2429 1082 2463 sis
1103 2430 1240 2472 augusss,
1270 2430 1342 2462 12ῐῖ.

954 2491 1132 2525 LXXXVII.
1148 2493 1355 2526 Confirmatio
1371 2495 1592 2528 transactionis
1610 2495 1693 2528 inter

1042 2546 1276 2580 thesaurarium
1291 2553 1321 2580 et.
1335 2548 1477 2581 notarios
1499 2550 1692 2584 reverendae

1039 2599 1189 2633 Gamerae
1226 2600 1428 2644 Apostolicae
1466 2603 1561 2636 initae
1597 2614 1693 2648 super

1040 2652 1143 2696 pretio
1172 2653 1424 2698 scripturarum,
1448 2667 1531 2701 quae
1559 2668 1576 2690 a
1601 2657 1693 2691 dece-

1040 2707 1190 2741 dentibus
1207 2709 1341 2742 notariis
1360 2710 1598 2754 relinquuntur,
1615 2710 1688 2743 >13:3.
