2253 3195
19 232 66 258 An.
86 231 114 258 C.
133 231 199 258 1597

51 1350 173 1372 Exordium.

34 1723 206 1753 EpiscopusCas·

22 1756 115 1771 satiensus
134 1756 206 1770 nume-

22 1777 206 1798 rumsaeei-dotum

22 1803 130 1824 Ecclesiae
141 1803 206 1823 inser-

23 1829 122 1850 viantium
138 1829 166 1850 ad
177 1830 205 1849 11-

24 1856 74 1882 gtnu
83 1857 203 1876 reduxerat.

829 232 975 255 CLEMENS
996 232 1052 255 Vlll
1074 232 1123 255 ΓΡ.

213 280 382 316 attentari,
403 280 617 313 derernimus.
636 281 668 313 111
688 281 885 313 ‹currat-tuni
909 282 951 312 111-

213 333 370 366 cientibus
389 345 451 366 uon
470 335 671 367 obstantibus
685 335 952 378 quil›usi-unique.

256 387 368 419 Datum
390 388 509 420 Romae
530 389 615 431 apud
633 390 662 420 S.
680 389 808 420 Petrum
827 388 884 419 sul·
899 397 953 419 an-

214 440 289 472 nulo
309 440 492 479 piscatoris,
517 441 567 474 die
595 452 646 474 xxi
667 441 776 484 aprilis
800 451 950 479 itmxcwt,

214 493 417 535 pontificatus
442 494 542 527 nostri
568 505 653 526 anno
678 505 719 527 rt.

250 556 306 583 Dat.
325 557 368 583 die²
383 558 412 584 ⁹221
436 557 527 592 aprilis
550 558 626 591 1597,
645 557 739 592 pontis.
757 565 800 583 an.
815 565 850 583 vi.

539 727 633 759 CLVl.

216 832 425 875 Confirmatio
446 833 563 865 decreti
588 833 854 876 Confli‘eqyatimtt's
878 834 975 866 Com,

259 895 330 927 cili-i
350 899 379 927 et
399 895 538 938 episcopi
559 896 767 929 Cassanensts
786 905 883 938 super
902 906 953 927 rc-

259 957 408 990 ductione
438 958 639 990 sacerdotum
670 958 816 1000 Capituli
846 958 959 992 Sancti

259 1020 390 1052 Iuliani
417 1020 455 1053 de
480 1024 583 1053 castro
608 1020 731 1053 Villare
752 1021 959 1054 Casstmensis

260 1082 411 1115 dioecesis
431 1083 450 1114 ¹.

428 1164 561 1191 clemens
577 1165 656 1197 Papa
666 1165 745 1197 VIII,

340 1217 377 1244 ad
396 1221 572 1251 perpetuam
591 1218 637 1245 rei
652 1218 834 1245 memoriam.

261 1290 423 1323 Romanus
443 1290 587 1323 Pontifex
613 1301 651 1323 ea
681 1301 757 1323 suae
788 1290 960 1323 confirma-

220 1344 313 1377 tionis
342 1345 460 1377 robore
484 1344 685 1377 communire
714 1344 852 1377 libenter
883 1354 960 1377 con-

218 1396 338 1435 suevit,
368 1407 449 1440 quae
474 1408 492 1429 a
516 1397 663 1430 locorum
696 1397 871 1430 Ordinariis
902 1408 960 1440 pro

219 1450 427 1483 ecclesiarum
455 1450 594 1489 decore,
616 1455 646 1483 et
674 1450 960 1483 ecclesiasticarum

219 1514 429 1547 personarum
456 1503 685 1537 commoditate
716 1503 849 1546 provide
874 1504 961 1537 ordi-

218 1563 293 1590 nata
317 1563 407 1597 sunt,
439 1563 536 1601 prout
565 1557 597 1589 in
626 1557 762 1590 Domino
792 1557 963 1590 salubriter

220 1610 418 1654 conspicitur
438 1610 600 1654 expedire.

264 1665 280 1705 S
302 1663 331 1696 l.
355 1663 541 1707 Expositum
565 1663 725 1707 siquidem
745 1664 838 1697 nobis
859 1675 964 1707 nuper

220 1717 280 1751 fuit
298 1728 358 1761 pro
378 1722 468 1761 parte
489 1717 680 1750 dilectorum
701 1717 845 1750 tiliorum
866 1718 960 1761 Capi-

220 1771 290 1812 tuli,
319 1777 350 1804 et
369 1771 446 1804 cleri
471 1770 624 1804 ecelesiae
645 1770 751 1804 Sancti
768 1771 881 1804 Iuliani
900 1777 963 1804 ter-

221 1835 275 1858 rae
303 1824 395 1857 castri
424 1823 550 1857 Villaris
578 1823 780 1857 Cassanensis
810 1824 964 1858 dioecesis

221 1878 309 1922 quod
329 1888 401 1911 cum
423 1877 455 1910 in
472 1877 637 1921 praedicta
658 1878 793 1910 ecclesia
809 1888 965 1911 numerus

220 1931 424 1964 sacerdotum
438 1942 475 1964 ex
487 1931 652 1964 communi
671 1941 774 1965 massa
791 1931 965 1964 viventium

221 1985 358 2018 nimium
379 1990 490 2018 auctus
511 1990 613 2025 esset,
637 1990 672 2017 ut
697 1984 823 2017 modica
849 1985 965 2028 cuique

223 2049 259 2072 ex
284 2037 368 2071 dicta
389 2048 492 2071 massa
520 2038 627 2081 portio
653 2038 804 2071 obvenire
835 2044 962 2081 posset,

222 2091 327 2124 bonae
341 2090 517 2124 memoriae
529 2091 702 2123 Audoenus
714 2090 883 2134 episcopus
896 2092 967 2124 Cas-

223 2144 366 2178 sanensis
387 2155 443 2177 seu
464 2144 549 2177 illius
569 2149 645 2176 tunc
665 2143 802 2176 existens
821 2144 853 2176 in
873 2144 967 2188 spiri-

224 2198 363 2231 tualibus
383 2197 519 2230 vicarius
544 2196 703 2239 generalis
724 2196 756 2229 in
780 2197 967 2240 exequutio-

223 2261 298 2284 nem
306 2251 485 2284 litterarum
498 2250 756 2292 congregationis
765 2250 897 2283 Sanctae
906 2251 968 2284 Ro-

225 2315 338 2338 manae
363 2304 522 2338 Ecclesiae
547 2303 760 2337 cardinalium
793 2303 875 2336 saeri
899 2303 968 2336 Tri-

225 2357 346 2391 dentini
372 2357 504 2390 Concilii
537 2356 747 2400 interpretum
764 2383 771 2396 ‚
795 2366 968 2389 numerum

224 2411 428 2444 sacerdotum
449 2410 480 2442 in
505 2409 649 2443 ecclesiis
666 2409 837 2452 receptivis
859 2409 969 2442 mode-

224 2464 289 2496 rari
318 2469 348 2496 61
376 2463 541 2507 praefiniri
570 2462 772 2502 iubentium,
796 2473 968 2495 numerum

225 2517 428 2550 sacerdotum
459 2516 642 2560 praedictae
679 2515 832 2550 ecclesiae
862 2516 968 2549 Sancti

225 2570 337 2603 Iuliani
360 2575 434 2603 tunc
454 2570 493 2603 ad
512 2569 640 2612 triginta
665 2569 907 2603 ascendentium
929 2570 969 2603 ad

262 2636 272 2659 1
292 2633 329 2660 Ex
352 2633 458 2669 Regest.
477 2633 505 2660 in
519 2632 621 2660 Secret.
644 2632 779 2660 Brevium.

311 2687 390 2715 Bull.
411 2688 487 2716 Rom.
512 2687 572 2715 Vol.
588 2687 622 2715 X.
831 2687 865 2713 44

1636 215 1700 250 :345
1747 227 1797 253 An.
1814 226 1841 252 6.
1863 226 1930 253 1597

988 290 1158 312 munerum
1177 278 1298 321 viginti,
1323 278 1390 311 sine
1409 282 1514 310 tamen
1531 275 1731 320 praeiudicio

971 333 1190 378 ¹sacerdotum
1214 338 1288 365 tunc
1310 330 1503 371 viventium,
1527 335 1557 362 et
1582 340 1617 362 ex
1649 329 1732 361 dieta

989 397 1091 419 massa
1104 385 1376 429 participantium,
1393 383 1529 423 reduxit,
1547 383 1733 425 dictumque

988 450 1160 471 numerum
1175 438 1284 480 viginti
1303 438 1505 470 sacerdotum
1520 436 1732 469 sufficientem

990 497 1020 524 et
1040 491 1257 524 necessarium
1279 501 1347 524 6556
1366 501 1426 534 pro
1454 490 1607 523 ccclesiae
1636 499 1731 532 prae*

990 545 1092 577 dictae
1123 544 1271 587 illiusque
1300 544 1572 587 parochianorum
1599 541 1736 575 necessi-

989 603 1052 630 tate
1074 603 1101 630 et
1124 597 1353 630 commoditate
1375 597 1558 636 declaravit,
1575 601 1606 629 et
1626 595 1732 639 quoad

989 662 1091 695 usque
1109 652 1214 684 clerus
1235 651 1336 684 dictae
1355 651 1508 683 ecclesiae
1528 651 1567 683 ad
1585 660 1658 683 611111
1678 660 1737 682 nu-

991 715 1116 737 merum
1137 704 1343 748 praefinitum
1370 704 1522 737 reductus
1546 714 1611 736 non
1632 708 1734 742 esset,

991 758 1115 791 nullum
1138 758 1169 790 in
1192 758 1408 797 consortium,
1438 768 1475 790 ac
1495 758 1535 790 ad
1554 756 1738 800 praedictae

991 823 1121 845 mensae
1141 811 1422 855 participationem
1443 810 1678 854 recipiendum,
1703 820 1738 842 ac

992 871 1156 908 receptum
1175 865 1368 898 eiiciendum
1383 875 1451 897 esse
1464 864 1560 897 veluti
1579 864 1737 896 intrusum

993 919 1025 951 in
1046 918 1130 951 dicta
1150 918 1298 962 portione
1319 917 1470 957 decrevit,
1487 921 1584 960 prout.
1604 927 1641 948 ex
1663 922 1736 948 tunc

993 972 1087 1005 eiecit
1106 977 1137 1004 et
1154 971 1312 1004 intrusum
1332 970 1515 1010 declaravit,
1531 981 1566 1003 ac
1587 969 1670 1002 inter
1690 969 1738 1002 di-

993 1031 1080 1058 ctum
1116 1034 1288 1056 numerum
1331 1024 1535 1056 sacerdotum
1573 1022 1740 1065 portiones

994 1077 1320 1111 massaecommunis
1341 1076 1439 1110 dividi
1468 1076 1641 1109 mandavit.
1662 1075 1739 1109 Cum

993 1142 1068 1165 vero
1081 1131 1156 1164 dicti
1177 1131 1360 1164 sacerdotes
1378 1130 1418 1163 ad
1438 1140 1610 1162 numerum
1628 1128 1740 1171 viginti

994 1184 1201 1229 praefinitum
1235 1183 1359 1217 reducti
1390 1183 1541 1223 fuissent,
1570 1182 1594 1215 51
1624 1181 1741 1215 deinde

994 1249 1095 1271 unum
1123 1238 1171 1270 vel
1201 1238 1309 1281 plures
1330 1236 1414 1269 mori
1435 1236 1646 1277 contingeret,
1667 1240 1743 1268 tunc

994 1292 1027 1324 in
1048 1296 1253 1324 mortuorum
1283 1291 1354 1323 loca
1375 1289 1456 1322 alius
1480 1289 1528 1321 vel
1561 1288 1613 1322 alii
1638 1298 1743 1321 sacer-

996 1346 1085 1378 dotes
1117 1349 1341 1388 expectantes,
1370 1349 1405 1376 ut
1438 1341 1738 1387 suprannmerarii,

996 1399 1050 1443 qui
1076 1398 1229 1432 ecclesiae
1254 1397 1440 1442 praedictae
1460 1397 1493 1429 in
1514 1396 1693 1430 minoribus
1714 1401 1744 1428 et

996 1453 1028 1486 in
1053 1452 1152 1486 sacris
1180 1452 1349 1485 ordinibus
1378 1450 1616 1491 inserviissent,
1644 1455 1676 1483 et.
1704 1449 1743 1482 ab

996 1516 1109 1539 eorum
1140 1505 1266 1548 origine
1297 1503 1485 1548 parochiani
1515 1503 1618 1536 dictae
1647 1512 1743 1546 paro-

997 1559 1088 1593 chiae
1109 1558 1296 1597 extitissent,
1320 1557 1491 1600 dictaeque
1512 1555 1666 1589 ecclesiae
1682 1565 1741 1599 pa-

996 1612 1131 1646 rochiali
1153 1612 1193 1644 ab
1215 1610 1386 1644 Ordinario
1412 1609 1565 1653 adscripti
1585 1608 1741 1649 fuissent,

998 1666 1118 1710 quique
1150 1664 1182 1700 in
1210 1664 1324 1697 ordine
1351 1663 1495 1697 seniores
1525 1667 1651 1703 essent,
1675 1662 1745 1706 ipso

998 1719 1068 1751 iure
1085 1718 1220 1762 ipsoque
1240 1718 1335 1757 sacto,
1359 1717 1400 1750 ad
1419 1716 1603 1760 portionem
1624 1726 1741 1748 vacan-

999 1777 1062 1805 tem
1089 1782 1145 1804 seu
1174 1770 1339 1814 portiones
1358 1775 1508 1803 vacantes
1528 1768 1746 1802 admittendos

999 1831 1030 1859 et
1058 1824 1261 1868 recipiendos
1295 1834 1363 1857 esse
1394 1822 1578 1863 mandavit,
1607 1828 1638 1855 61
1668 1822 1746 1855 alias

998 1883 1095 1922 prout
1132 1877 1164 1909 in
1204 1876 1304 1920 ipsius
1336 1875 1482 1909 Audoeni
1512 1874 1653 1919 episcopi
1690 1885 1746 1908 seu

999 1931 1068 1964 eius
1087 1930 1197 1964 vicarii
1224 1930 1354 1963 decreto
1373 1929 1501 1973 plenius
1525 1928 1644 1962 dieitur
1664 1938 1743 1961 con-

1000 1984 1104 2018 tineri.

1045 2038 1106 2081 §il
1131 2038 1208 2072 Cum
1233 2042 1341 2070 autem
1365 2036 1547 2080 Capitulum
1577 2041 1608 2069 61
1637 2036 1744 2069 6161115

1000 2091 1154 2136 praedicti
1176 2102 1234 2135 pro
1260 2090 1374 2123 maiori
1396 2090 1471 2123 dicti
1501 2089 1621 2123 decreti
1642 2088 1745 2121 firmi-

1001 2150 1075 2186 tate,
1099 2150 1129 2177 et
1154 2143 1355 2177 limitationis
1384 2154 1441 2176 seu
1466 2141 1662 2175 reductionis
1688 2152 1746 2174 nu-

1002 2198 1082 2232 meri
1103 2197 1308 2231 sacerdotum
1328 2196 1514 2230 huiusmodi
1536 2196 1665 2235 robore,
1690 2207 1746 2228 cu-

1002 2251 1091 2294 piant
1121 2250 1175 2282 itta
1212 2255 1341 2283 nostrae
1375 2248 1631 2283 confirmationis
1663 2259 1744 2291 apo-

1002 2302 1133 2335 stolicae
1161 2301 1323 2345 praesidio
1353 2301 1568 2341 communiri,
1589 2300 1747 2344 nobisque

1003 2355 1168 2388 humiliter
1188 2356 1362 2399 supplicari
1383 2355 1528 2395 fecerint,
1552 2359 1587 2387 ut
1604 2354 1635 2387 in
1655 2365 1748 2398 prae-

1003 2408 1106 2442 missis
1131 2414 1314 2452 opportune
1334 2408 1504 2451 providere
1530 2408 1569 2441 de
1595 2407 1744 2450 benigni-

1002 2467 1065 2494 tate
1086 2461 1265 2504 apostolica
1282 2461 1501 2503 dignaremur.

1047 2516 1062 2559 fi
1082 2515 1111 2548 3.
1136 2516 1199 2549 Nos
1220 2515 1319 2558 igitur
1339 2515 1520 2548 litterarum
1542 2514 1645 2547 dictae
1666 2524 1746 2547 con·
1763 2517 1891 2566 „ss‘1‘12¹'¹‘¹‘¹³¹²
1903 2516 1948 2537 ⁶¹0·

1003 2569 1209 2613 gregationis,
1226 2579 1351 2603 necnon
1369 2569 1489 2602 decreti
1508 2568 1748 2612 praedictorum

1005 2629 1133 2658 tenores
1159 2623 1384 2668 praesentibus
1411 2633 1470 2667 pro
1497 2622 1654 2667 expressis
1686 2622 1745 2656 ha-

1781 2037 1900 2063 Capitnlum
1908 2037 1945 2057 liu-

1762 2064 1852 2085 iusmodi
1884 2063 1946 2084 redu·

1762 2092 1853 2111 6110116111
1872 2090 1945 2110 6011111-

1762 2118 1813 2138 inari
1829 2117 1888 2142 petit.
