2253 3195
276 252 328 278 An.
347 251 375 278 c.
393 252 461 279 1599
508 242 571 276 516

410 863 414 866 .
426 857 437 865 υ
451 855 461 865 a

277 877 387 895 sculcula}
396 873 463 894 Rtiao

279 908 319 921 nun
335 902 409 922 datur.
425 907 454 920 svn

457 901 462 920 1

278 929 322 948 suli
344 928 420 947 rei-<io
443 927 462 947 in

279 956 353 975 eadent
368 954 429 974 thia.

1060 253 1244 277 BULLARIUM
1264 253 1417 278 ROMAMJM

2012 255 2063 283 An.
2082 255 2111 282 C.
2130 255 2197 284 ¹599

474 307 505 335 et
532 302 665 346 plenum
693 302 801 335 sortiri
830 302 980 334 effectum
1009 301 1218 341 mandamus,
1258 302 1382 336 toribus
1413 303 1597 336 facultatem
1630 305 1852 338 reassumendi
1887 315 1998 338 causas

474 367 514 388 ne
539 366 653 389 causae
673 355 705 387 in
730 354 892 388 infinitum
912 354 1154 398 protrahantur.
1186 354 1223 387 Et

475 419 547 442 cuin
572 408 719 441 accidere
740 408 855 451 possit,
879 414 913 441 ut
937 407 1096 441 sententia
1118 408 1223 452 prima

474 466 689 501 retractetur3
714 461 786 494 ideo
812 462 975 502 volumus,
1006 467 1041 495 ut
1065 472 1156 505 pars,
1189 461 1221 494 in

475 515 565 548 cuius
585 515 721 557 gratian]
750 515 805 548 siet
834 515 1006 558 exequutio
1034 514 1218 559 praedicta,

474 569 590 602 idonee
605 579 717 602 cavere
732 574 879 602 teneatur
890 569 1098 602 restituendis
1118 568 1222 602 omni-

475 625 553 664 bus,
577 634 661 667 quae
682 624 721 657 de
745 623 815 657 iure
835 634 905 657 eam
932 624 1102 658 restituere
1127 634 1222 668 opor-

478 675 570 715 tebit,
597 675 630 708 in
650 686 747 709 causa
771 675 1034 709 succumbentiae
1058 681 1088 709 et
1114 681 1219 709 retra-

477 729 636 763 ctationis.

522 785 538 825 ἓ
554 782 606 816 23.
626 784 793 817 Postremo
814 794 832 816 a
849 783 1015 817 sententiis
1028 782 1179 816 omnibus
1193 788 1224 816 et

479 837 749 881 quibuscumque,
773 848 853 880 quas
873 837 953 870 Rota
973 837 1022 870 vel
1042 836 1138 869 huius
1158 846 1219 869 no-

479 897 563 924 strae
585 890 822 924 constitutionis
845 897 954 924 tenore
974 902 1010 923 ac
1031 890 1158 929 virtute,
1174 889 1220 923 vel

478 945 557 978 alias
577 955 614 977 ex
631 950 752 985 nostra,
776 951 831 978 aut
850 945 1043 987 legatorum,
1068 943 1223 986 vicelega-

479 1005 586 1032 torum
600 1026 607 1039 ‚
643 1006 698 1033 aut
731 999 984 1041 gubernatorum
1021 997 1223 1040 delegatione

480 1053 598 1093 tulerit,
627 1053 777 1086 volumus
808 1058 843 1085 ut
875 1052 965 1085 nullo
1002 1051 1100 1085 modo
1120 1050 1222 1095 possit

479 1107 647 1151 appellari,
665 1107 704 1140 de
714 1107 861 1140 nullitate
871 1105 1077 1150 quantumvis
1096 1104 1224 1138 notoria

480 1161 555 1201 dici,
572 1161 621 1194 vel
635 1161 768 1205 opponi,
785 1160 971 1204 supplicari,
995 1170 1054 1193 nec
1073 1169 1223 1192 recursus

479 1215 544 1259 peti
564 1215 612 1248 vel
634 1214 790 1255 concedi,
825 1220 880 1247 aut
910 1213 1006 1246 etiam
1039 1213 1080 1246 ad
1107 1212 1221 1246 Sedem

479 1268 698 1313 Apostolicam
719 1267 880 1301 restitutio
898 1266 1065 1309 efflagitari
1077 1265 1173 1299 etiam
1187 1276 1222 1298 ex

480 1321 585 1365 capite
607 1320 741 1353 minoris
761 1319 890 1360 aetatis,
920 1325 974 1352 aut
1005 1318 1147 1352 osticium
1168 1318 1220 1350 iu-

481 1375 560 1409 dicis
581 1374 768 1418 implorari,
802 1374 852 1407 rel
881 1384 1013 1417 quoquo
1043 1373 1140 1405 modo
1162 1371 1224 1404 illis

481 1428 634 1462 contrairi
654 1427 764 1472 possit,
781 1427 837 1461 sed
846 1433 941 1471 prout
955 1427 1036 1459 latae
1048 1425 1220 1466 extiterint,

481 1482 689 1516 omnimodae
719 1480 927 1525 exequutioni
947 1479 1137 1514 demandari
1163 1479 1221 1512 de-

480 1537 594 1575 beant;
618 1542 649 1569 et
666 1546 741 1568 casu
755 1546 830 1579 quo,
847 1540 980 1579 propter
992 1533 1134 1578 aliquam
1146 1543 1221 1576 gra-

481 1590 641 1623 vissimam
657 1600 784 1622 causam
796 1616 803 1629 ,
820 1588 999 1622 remedium
1021 1587 1153 1631 aliquod
1171 1587 1226 1620 ad-

482 1655 592 1677 versus
603 1643 785 1687 praedictas
799 1643 971 1676 sententias
980 1641 1224 1676 concedendum

480 1698 531 1738 sit,
549 1697 710 1730 sancimus
731 1697 854 1729 nullum
876 1696 963 1728 aliud
983 1695 1116 1728 concedi
1133 1704 1226 1739 posse

482 1757 610 1796 praeter
629 1750 730 1783 solam
743 1749 933 1783 revisionenl
948 1750 987 1783 ad
1002 1749 1149 1782 eamdem
1166 1748 1226 1781 tto-

483 1811 545 1838 tam
567 1815 676 1837 eoram
697 1804 818 1836 eisdem
842 1803 1044 1836 auditoribus
1058 1830 1065 1843 ,
1094 1803 1222 1846 quibus,

483 1865 517 1891 ut
542 1858 718 1897 universis,
747 1857 908 1891 neminem
930 1857 1139 1896 adiunctum,
1170 1857 1226 1890 sed

485 1911 561 1955 ipsis
580 1911 624 1944 uti
646 1910 799 1951 singulis,
837 1922 909 1943 cnm
932 1920 1013 1953 opus
1034 1909 1148 1949 suerit,
1188 1909 1226 1942 de

484 1966 596 1998 eadem
619 1966 699 1998 Rota
720 1970 841 1997 tantuin
864 1965 1050 1998 adiunctum
1077 1964 1146 1997 dari
1172 1974 1226 1997 vo-

484 2019 602 2059 ltnuus,
626 2018 779 2062 quoniam
793 2018 823 2051 id
843 2029 940 2050 unum
963 2023 1091 2051 nostrae
1109 2017 1226 2050 civitati

458 2083 468 2118 ,ζ
486 2072 662 2111 Fet-rariae,
686 2082 722 2104 at:
744 2071 811 2104 eius
832 2071 1000 2111 ‹listrit'tuir
1022 2083 1058 2104 ac
1077 2070 1227 2111 legationi

381 2135 434 2146 ω’·
486 2126 702 2166 indulgemus,
727 2131 759 2157 nt
780 2135 894 2158 causae
917 2124 1001 2157 illius
1019 2135 1057 2157 nc
1079 2124 1144 2157 ullo
1158 2135 1228 2156 um-

485 2190 580 2223 quatn
596 2184 753 2221 tempore,
771 2178 830 2211 sub
848 2177 960 2221 quovis
981 2183 1156 2221 praetextu,
1174 2183 1226 2210 aut

485 2232 630 2276 quaesito
651 2233 775 2272 colore,
806 2232 852 2264 vel
882 2242 994 2271 rausa,
1023 2231 1228 2275 quantumvis

485 2286 705 2326 uraviextrabi
729 2286 1016 2329 possintaeiviuite
1032 2285 1110 2329 ipsa,
1132 2285 1226 2318 etiam

485 2340 524 2372 ad
545 2339 670 2372 (juriani
694 2339 885 2378 itomanam,
902 2340 956 2371 sed
973 2339 1003 2371 in
1025 2350 1061 2371 ea
1082 2344 1177 2382 atqui·
1197 2338 1226 2370 iu

486 2393 584 2436 ipsius
606 2394 683 2426 {luta
705 2394 815 2436 (uuam
839 2393 869 2425 in
892 2393 960 2425 eius
981 2393 1128 2433 gratiam,
1152 2392 1226 2425 etin

485 2447 611 2486 signum
627 2453 753 2479 nostrae
768 2458 842 2487 erga
858 2447 943 2479 illatn
957 2446 1138 2480 dilectionis
1152 2458 1225 2479 ere,-

487 2502 602 2542 xituus)
629 2501 732 2533 ‹tm-idi
756 2507 785 2533 ct
812 2502 874 2533 line
901 2501 1008 2534 debito
1037 2500 1224 2540 terminari,

487 2555 636 2586 stunt-ruli
653 2555 860 2594 1·t›ti‹„·ati01u·‚
884 2561 914 2587 ct
934 2555 1004 2587 aliis
1025 2554 1229 2597 quantumvis

489 2608 726 2648 urgentioribus·
747 2608 1078 2651 quilnisrtunqtu·uon
1101 2608 1228 2641 obstan-

490 2661 581 2692 tibus.
607 2661 824 2694 (lours-domtus
846 2662 903 2708 ipsi
927 2661 1066 2706 piat-tori
1089 2667 1116 2694 ct
1139 2661 1226 2695 audi-

1257 365 1370 388 ornnes
1378 356 1578 399 praedictas,
1595 356 1691 389 etiam
1705 367 1724 389 a
1741 357 2000 401 quibuscumque

1257 408 1419 442 iudicibus
1445 415 1476 442 et
1500 409 1731 450 tribunalibus,
1765 411 1891 454 quoties
1919 421 2000 455 opus

1257 461 1365 502 suerit,
1382 462 1517 506 illasque
1537 462 1633 496 etiam
1649 463 1681 496 in
1701 468 1784 497 statu
1799 465 1996 505 etterminis,

1257 514 1288 547 in
1311 515 1428 558 quibus
1456 516 1669 559 reperientur,
1707 517 1941 560 prosequendi,
1964 529 2000 551 ac

1256 568 1315 601 sub
1327 569 1439 612 poenis
1451 569 1639 610 arbitrariis‚
1652 569 1684 603 in
1696 570 1856 613 legatione
1870 575 1900 603 et
1912 576 2000 604 extra

1256 621 1446 663 inhibendi,
1485 634 1522 658 ac
1558 623 1739 667 praedictas
1767 634 1889 667 poenas
1921 634 1996 657 exe-

1256 676 1388 720 quendi.

1302 728 1386 771 5⁶24.
1420 730 1511 763 Nunc
1538 741 1612 763 cum
1644 730 1848 764 auditoribus
1868 730 1998 765 iurisdi-
2027 741 2199 771 eausacapraq-

1257 782 1397 815 ctionem
1416 783 1671 817 concesserimus
1686 812 1694 826 ,
1717 794 1782 817 non
1802 785 1858 818 abs
1884 795 1918 818 re
1938 790 1996 826 est,
2013 769 2131 819 Ῐιῖῗαεῗὲἷω
2146 767 2199 789 ‘¹¹⁰‘

1256 840 1292 868 ut
1311 841 1432 869 certam
1450 847 1580 880 quoque
1599 837 1747 878 sormam,
1772 848 1836 881 qua
1856 837 1949 871 eitius
1969 843 1999 871 et

1257 889 1536 923 accommodatius
1577 890 1647 923 lites
1679 891 1822 935 expediri
1851 891 1996 932 valeant,

1257 942 1378 976 eisdem
1397 944 1669 987 praescribamus.
1699 945 1734 978 ln
1758 944 1872 988 primis
1892 944 2001 988 itaque

1257 997 1406 1030 volumus
1426 1003 1461 1031 ut
1480 998 1640 1041 praetoris
1654 1025 1661 1038 ‚
1694 1009 1791 1042 quem
1804 1009 2000 1043 supremum

1256 1051 1356 1085 Rotae
1387 1062 1424 1085 ac
1455 1051 1590 1085 civitatis
1621 1052 1845 1095 magistratum
1877 1052 1998 1086 consti-

1257 1105 1387 1145 tuimus,
1410 1111 1516 1149 partes
1536 1106 1598 1139 sint
1619 1117 1731 1139 causas
1750 1116 1863 1140 omnes
1883 1106 2001 1140 rotales

1257 1159 1338 1192 sorte
1360 1158 1524 1192 dividendi
1546 1159 1630 1192 inter
1642 1160 1818 1193 auditores.

1301 1214 1317 1255 5
1339 1211 1391 1245 25.
1415 1213 1500 1252 Quos
1513 1213 1677 1246 auditores
1691 1220 1720 1246 et
1740 1218 1924 1257 praetorem
1937 1213 2000 1247 sin-

1256 1267 1347 1309 gulos
1357 1266 1478 1300 iudices
1488 1277 1657 1300 causarum
1674 1277 1806 1300 suarum
1818 1266 2000 1301 ordinarios

1257 1320 1465 1364 deputamus3
1499 1321 1543 1354 ita
1570 1326 1677 1354 tamen
1703 1326 1759 1361 ut,
1783 1320 1904 1364 absque
1926 1326 2000 1354 voto

1257 1374 1468 1416 collegarum,
1494 1384 1555 1408 nec
1575 1374 1615 1407 ad
1641 1373 1902 1407 terminationem
1927 1384 2002 1407 cau-

1257 1439 1378 1468 sarum,
1394 1438 1454 1461 nec
1467 1428 1679 1461 articulorum
1705 1427 1837 1471 quidem
1857 1426 2002 1460 relevan-

1258 1482 1338 1516 tiunt
1356 1481 1507 1516 devenire
1525 1487 1654 1526 queant.

1303 1538 1319 1579 ξ
1341 1535 1393 1569 26.
1410 1536 1634 1580 Sportularum
1648 1546 1723 1570 vcro
1743 1546 1780 1569 ae
1801 1536 2003 1569 emolumen-
2046 1542 2173 1590 [Senatum-³
2187 1547 2201 1563 a

1261 1595 1366 1624 torum
1388 1600 1447 1634 per
1466 1589 1629 1624 notarium
1651 1589 1706 1622 stat
1730 1589 1856 1630 divisio,
1869 1595 1899 1623 et
1916 1589 2002 1623 idem
2016 1575 2100 1618 333⁰
2121 1575 2150 1590 Μ
2167 1575 2201 1590 ⁰¹¹⁸

1260 1643 1415 1684 notarius,
1433 1644 1495 1677 lata
1508 1643 1677 1683 sententia,
1694 1642 1830 1685 singulis
1844 1642 2004 1676 iudicibus

1260 1708 1315 1731 seu
1347 1697 1549 1730 auditoribus
1582 1708 1672 1730 suam
1703 1697 1755 1730 det
1795 1695 2001 1740 portionem;

1260 1756 1522 1796 praetoretamen
1537 1750 1658 1784 nullam
1672 1749 1854 1794 portionem
1868 1749 1899 1783 in
1913 1760 2004 1794 spor-

1262 1804 1335 1838 tulis
1366 1816 1402 1837 ac
1435 1804 1664 1838 emolumentis
1694 1804 1909 1837 secundarum
1941 1814 2000 1847 ap-

1262 1859 1472 1903 pellationum
1493 1858 1554 1891 sibi
1580 1857 1779 1891 vendicante.

1305 1914 1320 1957 g
1340 1912 1392 1946 2²7.
1414 1914 1451 1946 At
1472 1911 1546 1956 quia
1568 1912 1660 1944 iudex
1681 1921 1807 1950 causae,
1831 1920 2000 1954 quempo-

1261 1973 1389 1999 nentem
1413 1965 1519 1999 vocari
1541 1965 1707 2005 volumus,
1730 1964 1805 1997 satis
1825 1963 2004 1997 elaborabit

1263 2020 1293 2053 in
1312 2019 1478 2053 studendis
1492 2018 1696 2063 processibus
1710 2016 1796 2058 (cunt
1818 2017 1953 2050 velimus
1963 2017 2003 2050 ab

1263 2085 1300 2106 eo
1320 2079 1451 2113 statum,
1476 2073 1589 2106 merita
1615 2082 1729 2105 causae
1755 2071 1877 2113 digesta
1906 2070 2003 2104 coad-

1264 2127 1421 2159 iutoribus
1436 2126 1613 2170 proponi),
1637 2131 1665 2158 et
1688 2125 1760 2158 ideo
1781 2123 2003 2168 quaestionem

1264 2179 1452 2213 resolutioni
1473 2179 1644 2212 commode
1658 2188 1769 2211 vacare
1783 2188 1847 2211 non
1873 2177 2001 2222 poterit,

1262 2233 1430 2266 statuimus
1458 2238 1632 2276 ponentem
1665 2231 1768 2276 ipsum
1802 2231 1925 2264 nullutn
1947 2230 2004 2264 lia-

1263 2287 1338 2319 bere
1357 2292 1463 2319 votum
1487 2287 1516 2318 iu
1537 2296 1594 2318 sua
1615 2296 1721 2325 causa,
1749 2285 1802 2317 sed
1826 2284 1909 2317 iuxta
1931 2295 2002 2317 ma-

1264 2340 1339 2372 ioris
1369 2339 1468 2383 partis
1494 2338 1717 2372 coauditoruni
1741 2343 1868 2377 votum,
1893 2348 2006 2381 queui-

1263 2405 1401 2437 rutnqne
1419 2393 1602 2432 articulum,
1624 2398 1654 2425 et
1679 2391 1778 2435 ipsam
1800 2401 1929 2424 eausam
1951 2391 2005 2424 de-

1264 2448 1355 2480 linire
1378 2447 1477 2481 teneri
1494 2459 1500 2485 ·,
1523 2446 1581 2480 nisi
1599 2453 1703 2479 tannen
1718 2446 1881 2479 auditores
1901 2450 2005 2478 essent

1263 2502 1440 2540 discordes,
1465 2507 1492 2533 et
1515 2509 1585 2534 vota
1615 2501 1719 2533 stu-ent
1747 2499 1895 2543 aequalia
1910 2525 1917 2538 ‚
1941 2509 2005 2542 quo

1263 2566 1335 2587 vasu
1362 2554 1574 2599 disponimus,
1599 2560 1632 2587 nt
1651 2560 1724 2586 tune
1747 2558 1852 2586 votum
1875 2551 2000 2591 babeat,

1263 2620 1335 2641 enin
1358 2609 1411 2641 uui
1434 2608 1515 2652 parti
1537 2608 1712 2640 adhaerere,
1739 2611 1894 2640 teneatur.

1307 2661 1394 2705 528.
1430 2661 1582 2696 Volumus
1606 2666 1713 2694 autem
1744 2659 1860 2693 dictant
1890 2659 2002 2693 llotam

2059 1220 2115 1242 Veto
2130 1222 2201 1242 tamen

2015 1247 2079 1269 totius
2085 1247 2201 1269 ssot-‘setor-

2015 1274 2135 1296 initiandae.

2064 1917 2148 1938 Pouens
2161 1921 2203 1936 non

2018 1947 2075 1965 votat
2088 1944 2108 1964 in
2118 1947 2203 1966 causat.

2018 1971 2057 1992 uisi
2068 1971 2157 1992 atterum
2169 1974 2204 1989 ro-

2017 2001 2038 2019 ta
2047 1998 2087 2019 siut
2095 1996 2201 2024 aequalia.
