2253 3195
11 227 62 255 An.
82 226 109 253 (ἶ.
128 225 194 253 1594

209 284 271 317 que
289 273 329 306 ad
360 277 429 306 acta
461 277 491 305 et
516 282 703 316 processum
721 271 753 304 B.
782 270 949 315 Hyacinthi

208 326 405 370 spectabant,
430 336 465 358 ex
485 325 579 358 huius
598 325 731 358 Sanctae
747 324 837 357 Sedis
858 334 950 367 prae-

208 379 327 423 scripto
349 378 496 422 expedita
519 388 555 410 ac
582 378 724 421 perfecta
746 383 848 417 erant,
877 387 946 415 nos,

208 433 325 477 quibus
345 443 382 466 ea
400 433 438 465 de
458 443 492 465 re
513 431 674 465 statuendi
694 436 835 474 potestas
853 441 870 462 a
887 430 950 462 Deo

209 492 255 519 est
275 486 409 525 tributa,
434 486 472 518 ad
491 484 676 518 huiusmodi
701 483 872 526 negocium
894 483 951 516 de-

208 539 386 572 finiendum
404 549 516 571 omnes
537 537 736 571 auctoritatis
748 537 882 570 Sanctae
896 536 951 569 Se-

209 592 257 625 dis
281 592 483 636 Apostolicae
516 596 547 624 et
577 596 705 627 nostrae
737 596 843 634 partes
874 600 952 623 con-

208 646 376 686 ferremus,
405 645 444 679 de
471 655 509 678 eo
531 645 600 688 ipso
632 654 698 677 non
718 644 808 688 prius
830 649 949 684 tamen,

210 709 306 743 quam
323 699 420 732 rebus
449 698 599 731 omnibus
620 697 812 740 diligenter,
841 702 876 730 ut
894 707 953 740 par

210 758 266 793 est,
283 752 533 796 circumspectis,
548 751 610 784 hoc
623 757 769 795 tempore
791 750 884 784 nobis
899 750 953 783 de-

210 806 409 839 cernendum
430 817 498 839 esse
519 805 782 838 existimavimus.

257 860 285 901 ξ.
310 858 362 892 18.
391 858 517 893 Crebris
536 858 635 901 igitur
665 869 701 891 ac
724 857 884 891 diuturnis
902 868 953 890 su-

211 912 431 956 pradictorum
464 912 696 946 venerabilium
725 912 859 945 fratrum
889 921 951 944 no-

212 971 352 999 strorum
373 965 404 999 S.
428 966 463 999 R.
496 966 529 998 E.
565 964 777 998 cardinalium
809 964 950 1007 Congre-

213 1019 349 1062 gationis
380 1019 553 1053 Sacrorum
589 1019 721 1052 Rituum
746 1018 954 1052 consultatio-

213 1072 318 1113 nibus,
342 1073 402 1106 hac
422 1073 490 1116 ipsa
510 1073 549 1106 de
570 1083 604 1105 re
625 1072 721 1106 etiam
743 1078 854 1105 nostro
876 1078 955 1104 tem—

213 1136 292 1170 pore
310 1126 437 1167 habitis,
461 1132 489 1159 et
512 1137 664 1170 processu
682 1126 770 1159 omni
792 1136 829 1158 ex
848 1136 955 1158 sacro-

213 1189 284 1212 rum
296 1190 457 1213 canonum
475 1180 674 1224 praescripto
688 1180 727 1212 ab
749 1179 870 1212 eisdem
888 1179 954 1212 viso

214 1238 244 1266 et
263 1233 466 1272 examinato,
493 1233 570 1277 quin
592 1233 688 1267 etiam
709 1233 783 1266 viris
814 1232 846 1266 in
867 1244 956 1266 sacra

214 1286 375 1330 theologia
395 1298 441 1320 ,ac
468 1286 635 1331 pontificio
667 1287 736 1320 iure
765 1287 898 1320 versatis
924 1287 954 1319 in

213 1340 383 1374 consilium
405 1340 566 1382 adhibitis,
607 1351 681 1374 cum
712 1340 792 1373 nihil
818 1340 880 1373 iam
902 1341 957 1373 de-

213 1393 346 1427 siderari
367 1394 539 1435 videretur,
556 1400 715 1427 secretum
729 1393 955 1427 consistorium

216 1447 400 1488 indiximus,
424 1447 456 1480 in
474 1457 538 1491 quo
568 1447 761 1480 venerabilis
782 1447 881 1480 frater
900 1458 958 1481 no-

215 1506 280 1534 ster
300 1501 483 1545 Alphonsus
510 1501 681 1545 episcopus
707 1500 858 1534 Ostiensis
881 1512 953 1534 car-

215 1553 330 1587 dinalis
350 1553 537 1594 Gesualdus‚
566 1564 639 1587 cum
664 1564 733 1594 suo,
758 1560 825 1586 tum
847 1559 954 1587 caete-

216 1617 328 1640 rorum
360 1607 572 1640 cardinalium
604 1607 867 1649 Congregationis
903 1608 958 1641 Sa—

217 1671 346 1693 crorum
366 1661 496 1694 Rituum
528 1661 672 1699 nomine,
696 1660 806 1693 omnia
826 1661 866 1694 ad
886 1671 957 1694 eam

216 1725 284 1748 rem
297 1715 481 1759 'spectantia
506 1720 615 1748 exacte
641 1726 677 1747 ac
702 1714 879 1758 prudenter
899 1725 955 1748 ex-

217 1769 376 1813 plicasset,
410 1769 442 1802 id
467 1769 599 1802 demum
630 1769 661 1801 in
687 1779 812 1802 summa
836 1768 956 1802 retulit.

217 1823 261 1856 De
281 1823 314 1856 B.
338 1822 506 1867 Hyacinthi
532 1822 607 1862 fide,
635 1822 698 1856 vita
727 1833 764 1855 ac
795 1822 960 1855 miraculis

218 1887 251 1909 se
284 1881 315 1909 et
343 1876 522 1909 cardinales
553 1876 692 1918 collegas
717 1886 792 1909 suos
827 1876 956 1916 sentire,

219 1930 327 1963 omnia
358 1931 494 1974 probata
514 1941 593 1971 esse,
617 1941 699 1974 quae
725 1930 764 1963 ad
786 1930 958 1963 canoniza-

220 1983 352 2024 tionem,
370 1995 406 2017 ex
428 1984 525 2018 divini
540 1984 617 2017 iuris
631 1976 841 2028 praescripto,
865 1984 962 2027 perti—

220 2044 344 2077 nerent,
369 2048 504 2082 eamque
527 2038 567 2070 ob
593 2048 733 2078 causam,
762 2047 855 2081 posse
878 2038 959 2070 Bea-

222 2096 288 2124 tum
309 2090 399 2123 illum
421 2091 459 2135 (si
486 2091 570 2123 idem
595 2090 688 2124 nobis
712 2090 877 2123 videretur
897 2090 908 2133 )
930 2090 962 2123 in

220 2145 411 2178 Sanctorum
432 2155 605 2177 numerum
627 2143 782 2187 cooptari.

266 2199 282 2240 g
309 2197 360 2230 19.
384 2196 452 2237 Qua
479 2197 610 2241 quidem
643 2207 677 2230 re
716 2197 888 2235 intellecta,
912 2208 963 2229 re-

221 2250 389 2284 hementer
406 2251 438 2284 in
451 2251 588 2285 Domino
613 2250 720 2283 laetati
734 2261 855 2290 sumus,
876 2251 963 2293 quod

221 2305 261 2338 ad
282 2305 463 2347 augendam
484 2305 564 2338 servi
586 2304 634 2337 sui
656 2303 843 2346 dignitatem
866 2304 965 2336 sacul-

221 2364 268 2392 tas
288 2358 381 2391 nobis
400 2359 461 2392 hoc
480 2364 623 2402 tempore
645 2368 677 2391 se
699 2357 839 2390 offerret.
872 2356 965 2389 Nulla

222 2411 319 2454 igitur
339 2411 433 2444 officii
454 2417 579 2455 partem
598 2411 638 2444 ad
650 2410 871 2454 peragendum
886 2410 964 2442 tanti

222 2465 556 2507 momentinegocium
568 2463 888 2508 praetermittendam
896 2473 965 2496 esse

223 2524 399 2559 censentes,
416 2518 513 2552 veteri
528 2519 750 2552 Romanorum
771 2516 964 2550 Pontificum

224 2573 509 2616 praedecessorum
534 2577 719 2605 nostrorum
742 2571 890 2614 exemplo
911 2571 966 2604 ad-

225 2625 332 2667 ducti,
356 2625 579 2659 mandavimus
606 2630 641 2658 ut
666 2625 705 2657 de
731 2635 764 2657 re
785 2624 825 2657 ad
845 2623 965 2657 exitum

309 2689 386 2716 Ball.
408 2689 482 2716 Rom.
507 2688 567 2715 Vol.
582 2688 609 2715 X
805 2687 836 2715 17

38 918 120 940 nubitis
132 919 196 945 pluri-

11 946 51 967 bus
60 946 198 967 consultatio-

12 972 73 994 nibus
83 978 121 999 ρει·
128 972 197 993 cardi-

11 999 70 1020 nales
85 1000 151 1020 sacris
170 1000 197 1020 ri-

12 1025 68 1046 tibus
76 1025 198 1052 deputatos,

12 1053 142 1082 etprocessu
150 1058 198 1073 exa·

12 1081 99 1101 minato.
114 1079 134 1100 in
149 1085 198 1100 con-

14 1105 98 1126 sistorio
115 1108 198 1126 secreto

16 1131 55 1152 suit
90 1132 198 1153 decretum

14 1157 37 1179 B.
59 1158 198 1185 Hyacinthum

23 1185 189 1207 canonizandum

13 1216 67 1233 use.

49 2252 70 2272 In
87 2251 143 2272 dicto
157 2258 205 2273 con·

23 2277 105 2299 sistor-io
129 2278 206 2303 ublico,

24 2310 78 2331 papa
96 2311 108 2325 a
140 2305 205 2326 Deum

24 2332 128 2352 orationes
160 2332 207 2352 steri

25 2357 83 2378 iussit
107 2363 145 2384 pro
176 2359 206 2379 in-

25 2384 138 2410 spiratione
161 2385 206 2406 eius

25 2410 80 2436 quod
103 2411 206 2437 agendum

25 2440 86 2459 esset.

825 223 862 247 CL
868 222 972 247 EMENS
992 222 1049 246 VIII
1070 222 1120 246 Pr.

1634 205 1698 240 1029

984 269 1201 313 perducenda,
1222 278 1282 313 pro
1303 268 1402 312 ipsius
1423 266 1587 310 gravitate,
1612 265 1732 298 diutius

985 323 1230 356 deliberaretur.
1247 323 1368 366 ltaque,
1385 321 1507 365 aliquot
1521 320 1647 353 dierum
1659 329 1731 362 spa-

986 376 1029 409 tio
1060 376 1254 416 interiecto,
1295 375 1461 419 publicum
1503 372 1730 407 consistorium

985 429 1068 462 lianc
1090 430 1130 461 ol)
1152 440 1219 461 rem
1242 428 1435 467 indiximus,
1464 437 1528 459 non
1551 426 1648 458 modo
1669 435 1725 458 ve-

986 482 1178 515 nerabilium
1207 482 1341 514 fratrum
1379 487 1564 514 nostrorum
1597 480 1731 513 Sanctae

985 535 1149 568 Romanae
1168 534 1328 567 Ecclesiae
1354 533 1568 567 cardinalium
1601 542 1730 565 conses-

986 599 1033 628 su,
1058 588 1112 621 sed
1143 588 1238 620 etiam
1264 587 1543 630 patriarcharum,
1572 585 1732 628 archiepi-

986 652 1171 686 scoporum,
1193 641 1419 685 episcoporum
1446 647 1477 673 et
1497 641 1729 684 praelatorum,

986 702 1254 739 caeterorumque
1293 694 1500 727 familiarium
1543 699 1730 727 nostrorum

987 755 1145 782 conventu
1166 749 1327 792 frequens,
1352 748 1383 780 in
1409 758 1474 792 quo
1495 747 1625 791 quidem
1647 747 1730 780 dile-

986 803 1087 836 lectus
1107 802 1192 835 filius
1203 802 1308 843 Cinus,
1319 801 1511 845 Campanus,
1523 799 1734 833 consistoria-

987 856 1025 890 lis
1052 857 1143 890 aulae
1165 862 1293 889 nostrae
1327 855 1519 895 advocatus,
1553 864 1603 887 res
1629 858 1733 896 gestas

987 915 1018 943 et
1034 909 1118 943 beati
1145 909 1313 954 Hyacinthi
1340 908 1489 948 virtutes,
1524 906 1601 940 fidei
1633 906 1733 950 ipsius

988 964 1225 1004 sinceritatem,
1260 962 1343 996 vitae
1375 961 1579 995 sanctitatem
1609 970 1646 993 ac
1673 959 1733 992 mi-

988 1018 1096 1050 racula
1116 1017 1261 1050 oratione
1287 1017 1326 1050 de
1351 1026 1441 1049 more
1462 1021 1509 1050 est
1533 1014 1730 1058 complexus,

988 1082 1024 1104 ac
1045 1071 1162 1104 deinde
1183 1070 1328 1104 eiusdem
1354 1068 1550 1111 Sigismundi
1575 1068 1613 1101 111
1635 1067 1730 1109 regis,

989 1125 1150 1168 totiusque
1185 1123 1338 1157 Poloniae
1368 1122 1472 1163 regni,
1500 1133 1537 1155 ac
1556 1121 1733 1163 Religionis

988 1178 1217 1212 Dominicanae
1238 1177 1380 1216 nomine,
1414 1182 1450 1208 ut
1470 1176 1574 1219 ipsum
1601 1175 1631 1207 in
1657 1174 1735 1208 San-

990 1238 1116 1266 ctorum
1134 1241 1306 1264 numerum
1325 1231 1529 1268 referremus,
1547 1228 1735 1272 suppliciter

990 1297 1007 1319 a
1026 1285 1119 1319 nobis
1140 1284 1321 1329 postulavit.
1344 1284 1435 1323 Quod
1457 1293 1529 1315 cum
1551 1287 1735 1326 praesentes

990 1338 1323 1384 ipsi'audivissemus‚
1357 1336 1506 1369 inusitata
1540 1334 1661 1367 laetitia
1688 1334 1734 1366 vi-

990 1403 1080 1426 scera
1109 1397 1218 1424 nostra
1242 1390 1394 1434 perfundi
1421 1389 1589 1422 sensimus..
1624 1387 1735 1420 Divina

991 1447 1077 1480 enim
1107 1446 1271 1479 voluntate
1294 1443 1436 1477 evenisse
1462 1442 1731 1485 intelligebamus,

989 1500 1109 1534 dictum
1137 1498 1380 1541 Sigismuuium
1410 1506 1518 1539 regem
1551 1495 1622 1540 (cui
1649 1505 1735 1528 nunc

991 1553 1128 1586 maxima
1148 1553 1287 1586 duorum
1308 1550 1540 1595 praestantium
1559 1559 1734 1591 regnorum

990 1608 1091 1640 moles
1112 1605 1282 1648 incumbit)
1302 1605 1375 1637 ideo
1397 1605 1435 1637 de
1448 1604 1543 1637 beato
1557 1602 1735 1647 Hyacintho

991 1661 1074 1694 inter
1099 1660 1232 1694 Sanctos
1265 1657 1471 1701 aggregando
1504 1656 1736 1689 incredibiliter

990 1715 1149 1751 laborare,
1173 1719 1208 1746 ut
1227 1711 1380 1745 nimirum
1402 1721 1484 1743 nova
1515 1710 1575 1742 sibi
1604 1709 1736 1753 suisque

991 1767 1098 1810 regnis
1116 1767 1229 1799 firmae
1255 1765 1340 1809 apud
1371 1765 1472 1798 Deum
1498 1762 1737 1796 intercessionis

992 1820 1171 1866 patrocinia
1192 1824 1406 1863 compararet.
1432 1818 1541 1861 ltaque
1562 1816 1734 1860 respondi-

993 1886 1075 1913 mus,
1100 1874 1131 1906 in
1165 1879 1228 1907 tam
1260 1872 1397 1905 sollicita
1418 1877 1548 1914 tamque
1577 1869 1737 1903 constanti

993 1928 1107 1972 optimi
1150 1925 1186 1960 ac
1223 1926 1358 1971 piissimi
1394 1925 1478 1967 regis
1520 1923 1737 1967 postulatione

994 1982 1097 2015 inesse
1118 1981 1254 2015 eximiae
1280 1980 1364 2013 illius
1389 1978 1554 2021 religionis
1579 1976 1740 2019 significa-

995 2036 1127 2075 tionem,
1151 2035 1237 2068 haud
1259 2034 1320 2066 hac
1332 2032 1432 2066 animi
1452 2031 1501 2065 sui
1523 2031 1640 2064 virtute
1662 2030 1739 2063 alie-

995 2100 1081 2130 nam,
1105 2099 1210 2132 neque
1231 2087 1396 2130 indignam
1418 2084 1592 2130 praestanti
1611 2084 1679 2117 eius
1693 2084 1740 2116 di-

994 2143 1056 2175 vini
1079 2143 1184 2175 cultus
1205 2139 1426 2185 amplificandi
1452 2137 1624 2172 desiderio.
1654 2137 1739 2170 Dixi-

996 2207 1066 2229 mus
1086 2196 1183 2229 etiam
1219 2204 1415 2238 permagnae
1436 2191 1530 2225 nobis
1556 2201 1623 2224 esse
1643 2191 1737 2223 volu—

996 2249 1085 2293 ptati,
1114 2259 1217 2292 eoque
1239 2247 1383 2280 animum
1405 2251 1551 2278 nostrum
1563 2244 1602 2277 ad
1624 2243 1741 2286 gratias

996 2303 1061 2335 Deo
1082 2302 1223 2344 agendas
1248 2300 1457 2333 vehementer
1488 2297 1629 2337 excitari,
1653 2297 1741 2340 quod

996 2354 1113 2398 quilius
1143 2354 1254 2387 servis
1277 2353 1492 2396 sempiternae
1532 2350 1740 2383 beatitudinis

997 2408 1140 2452 praemia
1165 2407 1286 2440 iamdiu
1318 2406 1350 2438 in
1382 2405 1479 2438 coelis
1510 2409 1585 2437 sunt
1607 2403 1737 2444 tributa,

997 2461 1129 2494 eosdem
1151 2460 1246 2493 etiam
1261 2459 1293 2491 in
1316 2458 1407 2492 terris
1428 2458 1467 2490 ab
1481 2456 1668 2490 hominibus
1678 2456 1740 2489 coli

997 2515 1072 2548 velit
1088 2515 1181 2555 Deus,
1198 2519 1233 2547 ut
1244 2512 1470 2547 christifideles
1490 2511 1539 2544 vel
1551 2511 1680 2544 illorum
1693 2511 1741 2543 in-

998 2569 1191 2603 tercessione
1213 2568 1365 2602 coelestia
1384 2566 1502 2601 auxilia
1527 2566 1652 2599 facilius
1664 2576 1740 2609 pro-

998 2629 1192 2664 mereantur,
1214 2623 1263 2656 vel
1284 2622 1473 2656 eorumdem
1493 2619 1674 2653 imitatione
1687 2630 1740 2653 ex-

1745 216 1796 242 An.
1813 215 1840 242 C.
1863 215 1932 242 1594

1771 809 1834 830 cinus
1846 808 1933 835 Campa-

1740 842 1787 856 ‹nus
1806 841 1884 856 causae
1899 840 1934 856 ca-

1748 862 1887 883 nonizationis
1897 867 1934 888 po-

1748 890 1844 910 stulator.
