2253 3195
267 229 316 256 An.
334 229 362 257 c.
385 229 449 257 1601
498 220 563 255 692
1053 230 1239 255 minumum
1255 230 1411 255 ROMANUM

513 281 529 322 ξ
551 279 603 313 19.
628 280 712 313 Haec
736 280 849 312 beatus
879 279 1108 323 Raymundus,
1132 289 1214 322 quae
1248 278 1310 312 lius
1327 278 1451 312 statutis
1479 284 1511 312 et
1530 278 1654 321 legibus
1675 279 1869 313 discedebat.
1886 279 1992 319 Quare

282 345 332 365 cum
348 346 377 366 tn.
393 346 452 365 cara.
468 333 508 366 ad
528 333 624 366 unius
644 333 698 366 Dei
719 332 855 374 gloriam
877 338 907 365 et
927 332 1066 375 proximi
1086 332 1210 365 utilita-
1248 331 1464 376 suscipiebam
1492 332 1597 376 ipsum
1618 332 1770 373 universi,
1793 339 1824 366 et
1843 333 1993 367 colebant

2006 229 2056 257 An.
2073 229 2102 258 C.
2121 199 2205 274 1601}-x
2237 236 2253 261 tr

268 372 370 397 episcopo
391 372 452 392 Satni-

268 405 348 427 μω,
406 406 453 428 ffi-
470 391 532 418 tem
563 390 718 427 gesserat,
743 384 800 417 etsi
833 385 1050 418 occultissima
1071 395 1139 418 csse
1160 395 1213 418 vo·
1248 395 1382 426 omnes,
1410 386 1545 419 Ioannes
1580 385 1754 419 cardinalis
1784 396 1992 430 summopere

267 431 453 498 {¹1¹1ssf¹¹1{'r'jm.¹5{i1
470 438 567 477 lebat,
593 444 699 470 tamen
729 438 895 471 ardentem
920 438 1006 471 illius
1030 438 1062 470 in
1094 448 1213 480 egenos
1247 437 1420 481 diligebat,
1452 438 1507 483 qui
1538 439 1726 483 perfunctus
1757 439 1917 481 legatione
1952 439 1993 472 ad

268 484 357 505 que,ec

469 491 669 531 charitatem,
681 497 711 524 et
724 491 804 525 vitae
817 491 1065 525 sanctimoniam
1075 491 1137 524 iam
1147 491 1214 524 ubi-

467 555 529 588 que
549 545 635 578 fama
654 545 850 588 vulgaverat,
875 552 903 579 et
925 552 1055 579 sanctae
1075 545 1142 579 eius
1157 546 1213 579 do-

467 598 589 631 ctrinae
626 599 760 632 odorem
795 599 1018 633 manifestabat
1051 599 1083 632 in
1124 598 1212 632 omni

466 652 549 685 loco.
566 651 781 691 Quamobrem
800 653 905 686 bonae
925 653 1101 686 memoriae
1120 653 1209 686 Ioan-

467 715 524 738 nes
545 706 717 739 cardinalis
739 706 909 750 episcopus
929 706 1125 747 §abinensis
1138 717 1212 739 eru-

467 759 598 793 ditionis
619 765 649 793 et
668 760 796 804 pietatis
816 761 911 794 laude
941 760 1149 801 clarissimus,
1173 760 1213 792 ab

466 813 580 846 eodem
601 813 757 856 Gregorio
775 824 873 854 nono,
894 814 1143 857 praedecessore
1156 823 1214 846 no-

466 872 550 907 stro,
576 866 608 899 in
628 867 814 911 Hispaniam
836 868 876 900 ad
902 878 1032 901 crucem
1063 867 1214 900 adversus

466 920 643 954 Saracenos
663 921 936 964 praedicandam,
968 921 1094 964 aliaque
1123 920 1215 954 Sedis

467 974 669 1017 Apostolicae
690 975 824 1018 negocia
844 975 1072 1019 pertractanda
1091 975 1214 1016 legatus

467 1027 506 1060 de
535 1027 634 1061 latere
656 1028 782 1068 missus,
806 1029 984 1061 multorum
1010 1027 1214 1061 sermonibus

468 1080 663 1123 singularem
686 1081 754 1114 eius
776 1081 994 1124 integritatem
1017 1081 1210 1124 intelligens,

468 1146 540 1168 eum
570 1135 631 1168 sibi
660 1135 831 1178 legationis
863 1136 987 1180 accepit
1017 1136 1210 1169 adiutorem.

467 1188 536 1228 Quo
557 1189 589 1222 iu
611 1199 745 1223 munere
765 1190 878 1223 heatus
897 1189 1107 1234 Raymundus
1128 1195 1215 1223 tanta

468 1254 541 1275 cum
563 1243 748 1287 prudentia,
773 1250 859 1277 tanta
880 1244 1061 1278 humilitate
1087 1251 1117 1277 et
1141 1244 1214 1277 cha-

467 1296 562 1330 ritate
601 1302 744 1330 versatus
781 1303 848 1338 cst,
880 1303 915 1330 ut
946 1297 1097 1331 omnihus
1133 1303 1215 1331 esset

468 1350 573 1383 bonus
599 1351 680 1384 odor
708 1351 822 1385 Christi
846 1352 886 1398 ad
917 1351 1024 1385 vitam.
1050 1352 1128 1385 Nam
1157 1351 1214 1385 etsi

468 1404 694 1438 honestissimo
716 1405 787 1439 loco
808 1411 901 1439 uatus
922 1412 1015 1446 esset,
1039 1410 1068 1439 et
1086 1405 1149 1438 iam
1164 1397 1233 1438 ae-'

469 1463 532 1491 tate
557 1464 740 1502 provectus,
765 1459 940 1503 multisque
962 1458 1133 1492 virtutihus
1154 1470 1212 1492 eu-

469 1512 620 1553 mulatus,
645 1523 761 1555 magna
782 1513 868 1556 apud
895 1523 1007 1546 omnes
1025 1512 1215 1546 auctoritate

469 1566 605 1609 polleret
622 1577 628 1605 3
654 1566 685 1598 in
702 1566 763 1599 hoe
785 1572 890 1600 tamen
914 1567 1093 1610 longinquo
1111 1573 1141 1599 et
1159 1567 1216 1600 dif-

470 1619 615 1652 ficillimo
628 1619 742 1652 itinere
757 1620 852 1653 nullis
866 1630 1020 1664 umquam
1036 1620 1127 1653 abeo
1142 1631 1215 1664 pre-
1233 1642 1234 1646 =

470 1672 560 1705 cilms
581 1673 719 1705 obtineri
741 1673 901 1717 potuit,ut
920 1684 1004 1717 equo
1025 1674 1213 1714 veheretur,

470 1728 524 1760 sed
562 1738 655 1760 verus
680 1728 793 1761 Christi
826 1728 1023 1771 discipulus,
1057 1728 1216 1761 calccatus

470 1782 568 1825 pedes
582 1782 612 1814 iu
634 1782 915 1826 praeparationem
930 1782 1092 1825 Evangelii
1114 1782 1212 1826 pacis,

471 1841 497 1867 ct
533 1841 698 1879 assumpto
730 1835 862 1879 spiritus
893 1836 1023 1878 gladio,
1051 1837 1138 1879 quod
1171 1842 1235 1878 est»,

472 1890 602 1923 verbum
625 1890 702 1929 Dei,
731 1890 790 1923 iter
819 1890 884 1923 suis
917 1890 1090 1923 comitatus
1122 1884 1235 1924 sociis*

472 1943 608 1987 pedibus
627 1943 771 1983 faciebat,
790 1950 819 1976 et
837 1943 1046 1984 cardinalem,
1067 1955 1131 1987 quo
1149 1950 1214 1977 erat

472 2002 645 2036 venturus,
670 1997 899 2041 praeveniens,
924 1997 1013 2041 quasi
1041 1998 1121 2030 riam
1144 2005 1216 2032 ante

472 2051 585 2083 faciem
609 2051 676 2083 cius
698 2050 728 2082 in
750 2051 975 2084 benedictione
996 2062 1213 2095 praeparans,

474 2103 638 2145 evaugelio
653 2103 765 2137 Christi
784 2104 1012 2147 praedicando,
1024 2106 1213 2148 permultos²

475 2210 584 2242 mitam
611 2223 628 2243 a
650 2210 698 2243 ria
721 2212 782 2243 lata
804 2217 833 2243 ct.
854 2211 991 2254 spatiosa
1016 2212 1213 2252 traducebat,

474 2271 503 2297 et
529 2265 746 2298 consessiones
772 2265 956 2303 audiendo,
981 2276 997 2297 a
1024 2267 1166 2299 censuris
1188 2273 1215 2300 ct

1234 2115 1315 2148 ¹quo
1346 2114 1513 2147 quaequae
1544 2103 1710 2147 tempore*
1733 2103 1863 2136 condita
1883 2109 1974 2142 erant

474 2158 644 2190 adiuvante
666 2157 812 2197 ltomiuo,
834 2158 872 2189 ud
895 2163 1016 2190 arctum
1039 2159 1149 2191 salutis
1170 2155 1235 2193 se&

1247 492 1365 525 Urbem
1379 493 1520 533 rediens,
1534 503 1606 526 cum
1621 493 1750 526 beatum
1766 493 1993 538 Raymundum

1247 556 1311 578 una
1330 556 1440 579 secum
1471 546 1633 580 adducere
1660 546 1870 587 decrevisset,
1892 556 1990 578 num-

1247 609 1344 642 quam
1367 599 1399 632 id
1425 605 1532 632 tamen
1553 600 1592 632 ab
1623 610 1660 633 eo
1681 599 1787 644 potuit
1806 599 1990 643 impetrare.

1292 653 1306 696 ἓ
1328 651 1454 686 ⁶20.Sed
1476 664 1548 686 eum
1570 654 1610 686 ad
1631 653 1781 686 eumdem
1803 652 1993 696 Gregorium

1247 716 1382 746 nonum,
1406 707 1688 750 praedecessorem
1709 712 1867 747 nostrum,
1885 707 1924 740 de
1942 717 1994 740 re-

1248 758 1307 792 bus
1327 760 1498 801 legationis
1518 761 1663 801 referret,
1686 767 1750 794 tam
1773 761 1873 794 multa
1893 771 1995 804 eaque

1248 814 1414 856 praeclara
1445 814 1485 847 de
1512 813 1607 847 huius
1627 814 1713 847 beati
1738 814 1796 847 viri
1824 814 1995 848 virtutibus

1249 867 1345 907 dixit,
1374 873 1410 901 ut
1440 867 1526 901 idem
1558 868 1732 911 Gregorius
1763 869 1996 912 praedecessor

1248 919 1334 953 illius
1353 921 1483 955 videndi
1504 921 1665 955 desiderio
1687 921 1846 961 incensus,
1867 932 1940 954 eum
1955 922 1995 955 ad

1248 984 1281 1007 se
1313 975 1480 1008 confestim
1514 975 1677 1016 evocarit,
1701 975 1791 1008 cuius
1824 975 1878 1008 ille
1909 974 1995 1009 dieto

1249 1027 1405 1069 audiens,
1441 1039 1639 1073 quamquam
1678 1028 1849 1071 religiosae
1878 1028 1996 1072 quietis

1249 1081 1462 1123 avidissimus,
1486 1083 1622 1116 Romam
1645 1081 1740 1115 venit.

1293 1137 1310 1178 g
1331 1135 1384 1169 91.
1400 1136 1529 1180 Excepit
1548 1147 1621 1169 eum
1640 1141 1787 1169 amanter
1807 1141 1838 1169 et
1855 1135 1995 1179 benigne

1248 1189 1434 1233 praedictus
1464 1189 1638 1232 Gregorius
1675 1190 1928 1234 praedecessor,
1958 1200 1995 1224 ac

1248 1242 1348 1283 brevi,
1370 1243 1547 1287 perspectis
1565 1249 1595 1276 et
1616 1243 1790 1287 exploratis
1807 1243 1876 1276 eius
1895 1242 1994 1276 animi

1249 1296 1379 1330 dotibus
1399 1297 1599 1340 summisque
1624 1296 1813 1337 virtutibus,
1837 1296 1994 1340 capellani

1249 1350 1296 1383 sui
1331 1350 1437 1384 officio
1469 1351 1581 1394 (quod
1614 1356 1690 1384 tunc
1725 1350 1880 1394 temporis
1910 1350 1995 1384 idem

1249 1410 1334 1444 erat,
1368 1405 1454 1448 quod
1486 1415 1571 1437 nuuc
1603 1410 1649 1437 est
1682 1415 1852 1437 causarum
1884 1404 1995 1448 palatii

1250 1458 1418 1502 apostolici
1448 1458 1659 1501 auditorum)
1692 1463 1720 1491 et
1758 1458 1996 1502 poenitentiarii

1251 1511 1405 1555 dignitate
1424 1511 1560 1548 ornavit,
1576 1522 1612 1544 ac
1628 1511 1704 1544 tanti
1719 1521 1848 1555 semper
1861 1511 1934 1545 fecit
1948 1517 1994 1552 ut,

1251 1576 1313 1598 non
1336 1565 1395 1598 nisi
1417 1565 1563 1598 adhibito
1585 1565 1654 1598 cius
1673 1565 1821 1606 consilio,
1834 1565 1998 1608 gratiores

1251 1629 1362 1651 causas
1376 1624 1524 1652 tractaret
1537 1630 1545 1659 ·,
1559 1629 1654 1662 quem
1671 1629 1743 1651 cum
1759 1617 1852 1651 etiam
1869 1629 1886 1651 a
1899 1619 1997 1652 saeris

1251 1672 1311 1705 sibi
1333 1672 1589 1706 confessionibus
1611 1671 1833 1715 praefecisset,
1858 1672 1900 1712 is,
1933 1682 1997 1716 qua

2043 661 2057 681 Α
2074 660 2194 687 (ἱι-οςοΓᾸΧ

2010 690 2098 708 vocatus
2106 688 2198 715 nomam,

2011 715 2074 736 venit.
2186 725 2192 729 ·

2069 1142 2202 1172 capellanus*

2011 1172 2032 1191 et
2055 1169 2200 1198 poenitentia-

2011 1197 2054 1218 rius
2087 1195 2200 1217 eonstitui-

2009 1226 2050 1245 ων.
2203 1229 2206 1231 ·

1233 1733 1319 1775 ierat
1351 1727 1381 1759 in
1418 1737 1536 1769 egenos
1568 1726 1744 1765 charitate,
1779 1726 1996 1770 poeniteutiae

1252 1782 1323 1814 loco
1345 1781 1388 1813 illi
1412 1781 1602 1823 iniungebat
1620 1786 1653 1814 ut
1679 1781 1811 1825 inopum
1834 1791 1946 1825 preces
1965 1786 1997 1815 et

1252 1834 1349 1867 iustas
1363 1834 1534 1878 petitiones
1548 1834 1653 1867 statim
1667 1835 1804 1874 audiret,
1818 1845 1996 1878 eorumque

1251 1888 1384 1931 negocia
1406 1887 1566 1932 expediret
1588 1893 1618 1920 et
1638 1898 1734 1931 quam
1750 1887 1900 1921 citissime
1921 1898 1996 1922 con-

1252 1943 1378 1982 ficeret,
1401 1952 1502 1986 quare
1523 1942 1562 1974 ab
1588 1942 1702 1975 cedem
1725 1941 1881 1985 Gregorio
1903 1952 1996 1985 prae-

1252 1997 1420 2029 decessore
1435 2001 1526 2039 pater
1547 2006 1724 2039 pauperum
1741 2001 1787 2029 est
1804 1995 1992 2040 appellatus.

1297 2052 1312 2093 ξ
1333 2049 1385 2082 022.
1399 2050 1530 2083 Decreta
1552 2050 1770 2083 lloiuanorum
1790 2049 1993 2091 Pontificum,

2040 2105 2162 2127 neci-etates
2175 2104 2196 2126 in

1986 2131 1993 2143 '
2012 2132 2158 2159 coiupeuiliuun
2165 2137 2196 2153 ru·

1252 2157 1384 2190 diversis
1407 2157 1436 2189 iu
1459 2156 1601 2200 epistolis
1633 2162 1661 2189 et
1694 2156 1840 2190 conciliis
1867 2167 1994 2200 sparsa,
2012 2159 2072 2187 dign,

1234 2202 1333 2255 1quae
1359 2210 1588 2244 obscuritatem
1611 2215 1639 2242 et
1662 2209 1923 2243 incertitudinem
1952 2210 1998 2243 iu-

1234 2266 1370 2298 tducerc
1403 2264 1615 2301 xidvbantur,
1651 2263 1689 2296 ad
1723 2273 1928 2297 communem
1961 2274 1996 2297 o-

475 2327 489 2347 a
513 2321 718 2359 peccatorum
734 2316 866 2349 nexibus
881 2317 1046 2349 liberabat.
1061 2318 1217 2361 Quodque
1234 2337 1236 2355 t
1253 2319 1375 2352 mnium
1396 2323 1425 2350 ct
1445 2317 1582 2368 maxime
1600 2317 1797 2350 studentium
1813 2317 1995 2358 utilitatem,

475 2369 626 2401 (uuuibus
661 2370 777 2401 mirum
809 2370 889 2408 fuit,
920 2376 986 2402 toto
1019 2371 1072 2403 illo
1106 2357 1236 2404 iunci-0⁴

1254 2374 1283 2406 in
1310 2373 1457 2405 ordinem
1480 2377 1510 2404 ct
1531 2371 1762 2415 (vilipendium
1795 2370 1895 2411 rediet
1918 2370 1997 2404 iam-

476 2423 553 2454 uihil
581 2434 733 2466 umquam
757 2424 795 2455 cb:
821 2424 913 2455 sulita
944 2424 1090 2456 ciborum
1121 2414 1306 2471 absit-{uin
1337 2425 1488 2459 omnihus
1518 2426 1583 2457 fere
1616 2424 1801 2468 placuerat,
1831 2425 1885 2457 scd
1910 2430 1998 2458 tanto

477 2477 594 2516 ucutiu,
613 2477 737 2517 vigiliis,
755 2477 891 2514 ieiuniis,
911 2478 1214 2520 praedicationibus,

478 2530 636 2573 totiusque
672 2531 844 2570 ltclipiouis
875 2531 1043 2564 sert-iunio
1074 2531 1215 2570 remisit,

476 2585 530 2615 scil
557 2585 612 2615 ob>
628 2585 857 2617 arantissimus
882 2586 1148 2618 vousuuuuunuu
1171 2586 1217 2618 sui

1235 2478 1236 2523 ]
1253 2480 1342 2523 operi
1375 2479 1421 2511 vir
1459 2479 1592 2511 idonens
1629 2478 1855 2521 qiuwrebatur.
1889 2478 1998 2521 ltaque

1235 2530 1236 2538 ¹
1252 2532 1425 2572 (lincurius
1441 2532 1668 2575 pratwlecessor
1686 2531 1814 2563 beatum
1838 2531 1997 2575 Raymun-

1236 2587 1328 2622 {dum
1349 2585 1422 2618 huic
1445 2585 1568 2617 muueri
1588 2583 1788 2627 aptissimum
1807 2594 1875 2617 esse
1896 2589 1993 2623 ratus,

477 2638 613 2676 Ordinis,
639 2651 677 2671 uc
700 2641 796 2672 latum
817 2640 945 2684 quidem
963 2651 1103 2682 unguem
1126 2641 1165 2673 ab
1185 2634 1237 2681 ibi

1292 2650 1298 2675 l
1322 2648 1398 2675 Forte
1419 2657 1492 2682 quac
1512 2655 1624 2682 quoquo
1645 2649 1781 2681 tempore.
1806 2646 1897 2679 kann).
