<?xml version="1.0" encoding="UTF-8"?>
<!DOCTYPE html PUBLIC "-//W3C//DTD XHTML 1.0 Transitional//EN"
    "http://www.w3.org/TR/xhtml1/DTD/xhtml1-transitional.dtd">
<html xmlns="http://www.w3.org/1999/xhtml" xml:lang="en" lang="en">
 <head>
  <title>
</title>
<meta http-equiv="Content-Type" content="text/html;charset=utf-8" />
  <meta name='ocr-system' content='tesseract 3.04.00' />
  <meta name='ocr-capabilities' content='ocr_page ocr_carea ocr_par ocr_line ocrx_word'/>
</head>
<body>
  <div class='ocr_page' id='page_1' title='image "./bullarumdiplomat10cath_0339.png"; bbox 0 0 2253 3195; ppageno 0'>
   <div class='ocr_carea' id='block_1_1' title="bbox 23 219 207 247">
    <p class='ocr_par' dir='ltr' id='par_1_1' title="bbox 23 219 207 247">
     <span class='ocr_line' id='line_1_1' title="bbox 23 219 207 247; baseline 0 -1"><span class='ocrx_word' id='word_1_1' title='bbox 23 219 73 247; x_wconf 80' lang='lat' dir='ltr'>An.</span> <span class='ocrx_word' id='word_1_2' title='bbox 90 219 120 246; x_wconf 91' lang='lat' dir='ltr'>C.</span> <span class='ocrx_word' id='word_1_3' title='bbox 138 219 207 247; x_wconf 80' lang='lat'>1596</span> 
     </span>
    </p>
   </div>
   <div class='ocr_carea' id='block_1_2' title="bbox 20 909 202 960">
    <p class='ocr_par' dir='ltr' id='par_1_2' title="bbox 20 909 202 960">
     <span class='ocr_line' id='line_1_2' title="bbox 47 909 202 931; baseline -0.006 0"><span class='ocrx_word' id='word_1_4' title='bbox 47 910 144 931; x_wconf 79' lang='lat' dir='ltr'>clausula</span> <span class='ocrx_word' id='word_1_5' title='bbox 155 909 202 930; x_wconf 73' lang='lat' dir='ltr'>sub·</span> 
     </span>
     <span class='ocr_line' id='line_1_3' title="bbox 20 937 121 960; baseline -0.02 -2"><span class='ocrx_word' id='word_1_6' title='bbox 20 937 69 960; x_wconf 66' lang='lat' dir='ltr'>hta.</span> <span class='ocrx_word' id='word_1_7' title='bbox 87 939 121 958; x_wconf 76' lang='lat' dir='ltr'>etc.</span> 
     </span>
    </p>
   </div>
   <div class='ocr_carea' id='block_1_3' title="bbox 19 1438 203 1493">
    <p class='ocr_par' dir='ltr' id='par_1_3' title="bbox 19 1438 203 1493">
     <span class='ocr_line' id='line_1_4' title="bbox 46 1438 203 1470; baseline -0.019 -8"><span class='ocrx_word' id='word_1_8' title='bbox 46 1439 157 1470; x_wconf 64' lang='lat' dir='ltr'>clausulae</span> <span class='ocrx_word' id='word_1_9' title='bbox 167 1438 203 1459; x_wconf 81' lang='lat' dir='ltr'>de-</span> 
     </span>
     <span class='ocr_line' id='line_1_5' title="bbox 19 1469 148 1493; baseline -0.023 -4"><span class='ocrx_word' id='word_1_10' title='bbox 19 1469 148 1493; x_wconf 63' lang='lat' dir='ltr'>rogator-iae.</span> 
     </span>
    </p>
   </div>
   <div class='ocr_carea' id='block_1_4' title="bbox 834 218 1124 243">
    <p class='ocr_par' dir='ltr' id='par_1_4' title="bbox 834 218 1124 243">
     <span class='ocr_line' id='line_1_6' title="bbox 834 218 1124 243; baseline -0.003 -1"><span class='ocrx_word' id='word_1_11' title='bbox 834 218 979 243; x_wconf 85' lang='lat' dir='ltr'>CLEMENS</span> <span class='ocrx_word' id='word_1_12' title='bbox 998 218 1056 242; x_wconf 82' lang='lat' dir='ltr'>vm</span> <span class='ocrx_word' id='word_1_13' title='bbox 1076 219 1124 242; x_wconf 85' lang='lat' dir='ltr'>PP.</span> 
     </span>
    </p>
   </div>
   <div class='ocr_carea' id='block_1_5' title="bbox 219 267 961 947">
    <p class='ocr_par' dir='ltr' id='par_1_5' title="bbox 219 267 961 841">
     <span class='ocr_line' id='line_1_7' title="bbox 221 267 961 310; baseline 0 -11"><span class='ocrx_word' id='word_1_14' title='bbox 221 267 492 310; x_wconf 80' lang='lat' dir='ltr'>quandocumque</span> <span class='ocrx_word' id='word_1_15' title='bbox 514 267 687 308; x_wconf 80' lang='lat' dir='ltr'>faciendas,</span> <span class='ocrx_word' id='word_1_16' title='bbox 705 274 733 300; x_wconf 88' lang='lat' dir='ltr'>et</span> <span class='ocrx_word' id='word_1_17' title='bbox 744 278 803 310; x_wconf 84' lang='lat' dir='ltr'>pro</span> <span class='ocrx_word' id='word_1_18' title='bbox 817 272 961 310; x_wconf 77' lang='lat' dir='ltr'>tempore</span> 
     </span>
     <span class='ocr_line' id='line_1_8' title="bbox 221 320 961 364; baseline -0.003 -11"><span class='ocrx_word' id='word_1_19' title='bbox 221 321 377 359; x_wconf 82' lang='lat' dir='ltr'>obtentas,</span> <span class='ocrx_word' id='word_1_20' title='bbox 390 321 493 353; x_wconf 78' lang='lat' dir='ltr'>nullas</span> <span class='ocrx_word' id='word_1_21' title='bbox 513 331 644 364; x_wconf 86' lang='lat' dir='ltr'>prorsus</span> <span class='ocrx_word' id='word_1_22' title='bbox 662 320 880 363; x_wconf 76' lang='lat' dir='ltr'>invalidasque</span> <span class='ocrx_word' id='word_1_23' title='bbox 894 321 961 353; x_wconf 83' lang='lat' dir='ltr'>sore</span> 
     </span>
     <span class='ocr_line' id='line_1_9' title="bbox 221 373 961 417; baseline -0.001 -11"><span class='ocrx_word' id='word_1_24' title='bbox 221 379 252 406; x_wconf 89' lang='lat' dir='ltr'>et</span> <span class='ocrx_word' id='word_1_25' title='bbox 272 384 350 411; x_wconf 83' lang='lat' dir='ltr'>esse,</span> <span class='ocrx_word' id='word_1_26' title='bbox 369 379 400 406; x_wconf 88' lang='lat' dir='ltr'>et</span> <span class='ocrx_word' id='word_1_27' title='bbox 417 374 567 406; x_wconf 81' lang='lat' dir='ltr'>adversus</span> <span class='ocrx_word' id='word_1_28' title='bbox 579 384 643 411; x_wconf 79' lang='lat' dir='ltr'>eos.</span> <span class='ocrx_word' id='word_1_29' title='bbox 665 374 718 417; x_wconf 86' lang='lat' dir='ltr'>qui</span> <span class='ocrx_word' id='word_1_30' title='bbox 739 385 771 406; x_wconf 78' lang='lat' dir='ltr'>se</span> <span class='ocrx_word' id='word_1_31' title='bbox 792 373 840 406; x_wconf 79' lang='lat' dir='ltr'>his</span> <span class='ocrx_word' id='word_1_32' title='bbox 856 373 961 405; x_wconf 86' lang='lat' dir='ltr'>minus</span> 
     </span>
     <span class='ocr_line' id='line_1_10' title="bbox 220 426 960 468; baseline -0.001 -10"><span class='ocrx_word' id='word_1_33' title='bbox 220 426 372 468; x_wconf 79' lang='lat' dir='ltr'>legitimis</span> <span class='ocrx_word' id='word_1_34' title='bbox 403 427 583 460; x_wconf 82' lang='lat' dir='ltr'>rationibus</span> <span class='ocrx_word' id='word_1_35' title='bbox 615 427 655 459; x_wconf 84' lang='lat' dir='ltr'>ad</span> <span class='ocrx_word' id='word_1_36' title='bbox 686 427 826 468; x_wconf 72' lang='lat' dir='ltr'>regenda</span> <span class='ocrx_word' id='word_1_37' title='bbox 849 436 960 458; x_wconf 86' lang='lat' dir='ltr'>mona-</span> 
     </span>
     <span class='ocr_line' id='line_1_11' title="bbox 219 479 959 523; baseline -0.003 -11"><span class='ocrx_word' id='word_1_38' title='bbox 219 479 337 519; x_wconf 85' lang='lat' dir='ltr'>steria,</span> <span class='ocrx_word' id='word_1_39' title='bbox 373 491 428 513; x_wconf 89' lang='lat' dir='ltr'>seu</span> <span class='ocrx_word' id='word_1_40' title='bbox 459 481 498 512; x_wconf 87' lang='lat' dir='ltr'>ad</span> <span class='ocrx_word' id='word_1_41' title='bbox 527 481 588 512; x_wconf 86' lang='lat' dir='ltr'>alia</span> <span class='ocrx_word' id='word_1_42' title='bbox 613 490 835 523; x_wconf 81' lang='lat' dir='ltr'>quaecumque</span> <span class='ocrx_word' id='word_1_43' title='bbox 856 479 959 511; x_wconf 78' lang='lat' dir='ltr'>officia</span> 
     </span>
     <span class='ocr_line' id='line_1_12' title="bbox 220 532 957 575; baseline 0 -11"><span class='ocrx_word' id='word_1_44' title='bbox 220 532 292 574; x_wconf 82' lang='lat' dir='ltr'>eligi</span> <span class='ocrx_word' id='word_1_45' title='bbox 329 538 383 565; x_wconf 86' lang='lat' dir='ltr'>aut</span> <span class='ocrx_word' id='word_1_46' title='bbox 408 533 526 566; x_wconf 80' lang='lat' dir='ltr'>assumi</span> <span class='ocrx_word' id='word_1_47' title='bbox 551 532 769 569; x_wconf 70' lang='lat' dir='ltr'>obtinuerint,</span> <span class='ocrx_word' id='word_1_48' title='bbox 793 543 850 575; x_wconf 82' lang='lat' dir='ltr'>per</span> <span class='ocrx_word' id='word_1_49' title='bbox 871 532 957 564; x_wconf 88' lang='lat' dir='ltr'>eius-</span> 
     </span>
     <span class='ocr_line' id='line_1_13' title="bbox 220 585 959 628; baseline -0.001 -10"><span class='ocrx_word' id='word_1_50' title='bbox 220 585 292 618; x_wconf 85' lang='lat' dir='ltr'>dem</span> <span class='ocrx_word' id='word_1_51' title='bbox 314 585 577 628; x_wconf 76' lang='lat' dir='ltr'>Congregationis</span> <span class='ocrx_word' id='word_1_52' title='bbox 596 585 789 628; x_wconf 78' lang='lat' dir='ltr'>superiores,</span> <span class='ocrx_word' id='word_1_53' title='bbox 814 585 959 628; x_wconf 85' lang='lat' dir='ltr'>quando-</span> 
     </span>
     <span class='ocr_line' id='line_1_14' title="bbox 219 637 956 682; baseline -0.003 -11"><span class='ocrx_word' id='word_1_54' title='bbox 219 649 357 682; x_wconf 85' lang='lat' dir='ltr'>cumque</span> <span class='ocrx_word' id='word_1_55' title='bbox 375 638 518 682; x_wconf 85' lang='lat' dir='ltr'>procedi,</span> <span class='ocrx_word' id='word_1_56' title='bbox 547 644 577 670; x_wconf 88' lang='lat' dir='ltr'>et</span> <span class='ocrx_word' id='word_1_57' title='bbox 595 638 640 670; x_wconf 89' lang='lat' dir='ltr'>rei</span> <span class='ocrx_word' id='word_1_58' title='bbox 660 638 794 670; x_wconf 83' lang='lat' dir='ltr'>veritate</span> <span class='ocrx_word' id='word_1_59' title='bbox 817 637 956 679; x_wconf 69' lang='lat' dir='ltr'>cognita,</span> 
     </span>
     <span class='ocr_line' id='line_1_15' title="bbox 219 691 955 735; baseline -0.001 -11"><span class='ocrx_word' id='word_1_60' title='bbox 219 691 387 733; x_wconf 78' lang='lat' dir='ltr'>condignis</span> <span class='ocrx_word' id='word_1_61' title='bbox 406 691 529 735; x_wconf 77' lang='lat' dir='ltr'>poenis,</span> <span class='ocrx_word' id='word_1_62' title='bbox 553 697 716 735; x_wconf 79' lang='lat' dir='ltr'>tamquam</span> <span class='ocrx_word' id='word_1_63' title='bbox 738 691 886 735; x_wconf 83' lang='lat' dir='ltr'>publicae</span> <span class='ocrx_word' id='word_1_64' title='bbox 905 691 955 724; x_wconf 90' lang='lat' dir='ltr'>di—</span> 
     </span>
     <span class='ocr_line' id='line_1_16' title="bbox 219 744 956 788; baseline -0.001 -11"><span class='ocrx_word' id='word_1_65' title='bbox 219 750 287 777; x_wconf 85' lang='lat' dir='ltr'>ctae</span> <span class='ocrx_word' id='word_1_66' title='bbox 300 744 561 787; x_wconf 77' lang='lat' dir='ltr'>Congregationis</span> <span class='ocrx_word' id='word_1_67' title='bbox 573 744 690 788; x_wconf 86' lang='lat' dir='ltr'>quictis</span> <span class='ocrx_word' id='word_1_68' title='bbox 703 744 956 788; x_wconf 67' lang='lat' dir='ltr'>perturbatores,</span> 
     </span>
     <span class='ocr_line' id='line_1_17' title="bbox 219 797 614 841; baseline 0 -11"><span class='ocrx_word' id='word_1_69' title='bbox 219 797 302 830; x_wconf 81' lang='lat' dir='ltr'>affici</span> <span class='ocrx_word' id='word_1_70' title='bbox 323 809 416 841; x_wconf 90' lang='lat' dir='ltr'>posse</span> <span class='ocrx_word' id='word_1_71' title='bbox 437 804 467 831; x_wconf 88' lang='lat' dir='ltr'>et</span> <span class='ocrx_word' id='word_1_72' title='bbox 487 799 614 831; x_wconf 84' lang='lat' dir='ltr'>debere.</span> 
     </span>
    </p>

    <p class='ocr_par' dir='ltr' id='par_1_6' title="bbox 219 850 959 947">
     <span class='ocr_line' id='line_1_18' title="bbox 264 850 958 894; baseline 0 -11"><span class='ocrx_word' id='word_1_73' title='bbox 264 851 280 892; x_wconf 65' lang='grc' dir='ltr'>ξ</span> <span class='ocrx_word' id='word_1_74' title='bbox 300 850 331 883; x_wconf 61' lang='lat' dir='ltr'>lt.</span> <span class='ocrx_word' id='word_1_75' title='bbox 352 851 387 883; x_wconf 90' lang='lat' dir='ltr'>Et</span> <span class='ocrx_word' id='word_1_76' title='bbox 410 851 452 883; x_wconf 85' lang='lat' dir='ltr'>ita</span> <span class='ocrx_word' id='word_1_77' title='bbox 471 862 529 894; x_wconf 87' lang='lat' dir='ltr'>per</span> <span class='ocrx_word' id='word_1_78' title='bbox 549 861 771 894; x_wconf 87' lang='lat' dir='ltr'>quoscumque</span> <span class='ocrx_word' id='word_1_79' title='bbox 792 850 912 883; x_wconf 84' lang='lat' dir='ltr'>iudices</span> <span class='ocrx_word' id='word_1_80' title='bbox 930 856 958 883; x_wconf 89' lang='lat' dir='ltr'>ct</span> 
     </span>
     <span class='ocr_line' id='line_1_19' title="bbox 219 903 959 947; baseline 0 -11"><span class='ocrx_word' id='word_1_81' title='bbox 219 903 467 944; x_wconf 83' lang='lat' dir='ltr'>commissarios,</span> <span class='ocrx_word' id='word_1_82' title='bbox 492 904 602 947; x_wconf 85' lang='lat' dir='ltr'>quavis</span> <span class='ocrx_word' id='word_1_83' title='bbox 623 904 812 937; x_wconf 85' lang='lat' dir='ltr'>auctoritate</span> <span class='ocrx_word' id='word_1_84' title='bbox 825 905 959 946; x_wconf 81' lang='lat' dir='ltr'>fungen-</span> 
     </span>
    </p>
   </div>
   <div class='ocr_carea' id='block_1_6' title="bbox 219 957 1735 1052">
    <p class='ocr_par' dir='ltr' id='par_1_7' title="bbox 219 957 1735 1052">
     <span class='ocr_line' id='line_1_20' title="bbox 219 957 977 1001; baseline -0.001 -11"><span class='ocrx_word' id='word_1_85' title='bbox 219 962 275 997; x_wconf 85' lang='lat' dir='ltr'>tes,</span> <span class='ocrx_word' id='word_1_86' title='bbox 299 957 394 990; x_wconf 88' lang='lat' dir='ltr'>etiam</span> <span class='ocrx_word' id='word_1_87' title='bbox 416 968 584 990; x_wconf 85' lang='lat' dir='ltr'>causarum</span> <span class='ocrx_word' id='word_1_88' title='bbox 600 957 709 1001; x_wconf 89' lang='lat' dir='ltr'>palatii</span> <span class='ocrx_word' id='word_1_89' title='bbox 723 957 891 1000; x_wconf 86' lang='lat' dir='ltr'>apostolici</span> <span class='ocrx_word' id='word_1_90' title='bbox 905 968 959 989; x_wconf 88' lang='lat' dir='ltr'>au-</span> <span class='ocrx_word' id='word_1_91' title='bbox 975 975 977 1000; x_wconf 37' lang='grc' dir='ltr'>ᾗ</span> 
     </span>
     <span class='ocr_line' id='line_1_21' title="bbox 975 1004 1735 1052; baseline 0.001 -11"><span class='ocrx_word' id='word_1_92' title='bbox 975 1004 1037 1041; x_wconf 63' lang='lat' dir='ltr'>{sic</span> <span class='ocrx_word' id='word_1_93' title='bbox 1058 1014 1194 1047; x_wconf 83' lang='lat' dir='ltr'>arctare,</span> <span class='ocrx_word' id='word_1_94' title='bbox 1218 1020 1254 1041; x_wconf 85' lang='lat' dir='ltr'>ac</span> <span class='ocrx_word' id='word_1_95' title='bbox 1274 1009 1298 1041; x_wconf 92' lang='lat' dir='ltr'>si</span> <span class='ocrx_word' id='word_1_96' title='bbox 1326 1009 1469 1051; x_wconf 70' lang='lat' dir='ltr'>legitime</span> <span class='ocrx_word' id='word_1_97' title='bbox 1494 1009 1669 1052; x_wconf 86' lang='lat' dir='ltr'>unicuique</span> <span class='ocrx_word' id='word_1_98' title='bbox 1689 1009 1735 1042; x_wconf 90' lang='lat' dir='ltr'>in-</span> 
     </span>
    </p>
   </div>
   <div class='ocr_carea' id='block_1_7' title="bbox 218 1010 959 1160">
    <p class='ocr_par' dir='ltr' id='par_1_8' title="bbox 218 1010 959 1160">
     <span class='ocr_line' id='line_1_22' title="bbox 220 1010 959 1050; baseline -0.001 -7"><span class='ocrx_word' id='word_1_99' title='bbox 220 1010 351 1050; x_wconf 79' lang='lat' dir='ltr'>ditores,</span> <span class='ocrx_word' id='word_1_100' title='bbox 381 1021 417 1043; x_wconf 83' lang='lat' dir='ltr'>ac</span> <span class='ocrx_word' id='word_1_101' title='bbox 438 1011 467 1043; x_wconf 86' lang='lat' dir='ltr'>S.</span> <span class='ocrx_word' id='word_1_102' title='bbox 491 1011 526 1044; x_wconf 84' lang='lat' dir='ltr'>R.</span> <span class='ocrx_word' id='word_1_103' title='bbox 551 1011 584 1043; x_wconf 89' lang='lat' dir='ltr'>E.</span> <span class='ocrx_word' id='word_1_104' title='bbox 608 1010 804 1047; x_wconf 77' lang='lat' dir='ltr'>cardinales,</span> <span class='ocrx_word' id='word_1_105' title='bbox 835 1011 959 1043; x_wconf 86' lang='lat' dir='ltr'>sublata</span> 
     </span>
     <span class='ocr_line' id='line_1_23' title="bbox 218 1064 958 1107; baseline -0.001 -10"><span class='ocrx_word' id='word_1_106' title='bbox 218 1064 263 1097; x_wconf 90' lang='lat' dir='ltr'>eis</span> <span class='ocrx_word' id='word_1_107' title='bbox 283 1070 314 1097; x_wconf 92' lang='lat' dir='ltr'>et</span> <span class='ocrx_word' id='word_1_108' title='bbox 333 1074 446 1097; x_wconf 88' lang='lat' dir='ltr'>eorum</span> <span class='ocrx_word' id='word_1_109' title='bbox 467 1064 598 1097; x_wconf 83' lang='lat' dir='ltr'>cuilibet</span> <span class='ocrx_word' id='word_1_110' title='bbox 619 1064 730 1107; x_wconf 86' lang='lat' dir='ltr'>quavis</span> <span class='ocrx_word' id='word_1_111' title='bbox 755 1064 847 1096; x_wconf 86' lang='lat' dir='ltr'>aliter</span> <span class='ocrx_word' id='word_1_112' title='bbox 876 1064 958 1097; x_wconf 89' lang='lat' dir='ltr'>iudi-</span> 
     </span>
     <span class='ocr_line' id='line_1_24' title="bbox 218 1116 958 1160; baseline -0.001 -11"><span class='ocrx_word' id='word_1_113' title='bbox 218 1116 311 1149; x_wconf 83' lang='lat' dir='ltr'>candi</span> <span class='ocrx_word' id='word_1_114' title='bbox 332 1122 363 1149; x_wconf 91' lang='lat' dir='ltr'>et</span> <span class='ocrx_word' id='word_1_115' title='bbox 382 1116 614 1160; x_wconf 85' lang='lat' dir='ltr'>interpretandi</span> <span class='ocrx_word' id='word_1_116' title='bbox 639 1116 787 1149; x_wconf 76' lang='lat' dir='ltr'>facultate</span> <span class='ocrx_word' id='word_1_117' title='bbox 799 1122 828 1149; x_wconf 89' lang='lat' dir='ltr'>et</span> <span class='ocrx_word' id='word_1_118' title='bbox 849 1122 958 1149; x_wconf 89' lang='lat' dir='ltr'>aucto-</span> 
     </span>
    </p>
   </div>
   <div class='ocr_carea' id='block_1_8' title="bbox 217 1168 976 1214">
    <p class='ocr_par' dir='ltr' id='par_1_9' title="bbox 217 1168 976 1214">
     <span class='ocr_line' id='line_1_25' title="bbox 217 1168 976 1214; baseline 0 -13"><span class='ocrx_word' id='word_1_119' title='bbox 217 1168 328 1208; x_wconf 85' lang='lat' dir='ltr'>ritate,</span> <span class='ocrx_word' id='word_1_120' title='bbox 356 1168 490 1201; x_wconf 89' lang='lat' dir='ltr'>iudicari</span> <span class='ocrx_word' id='word_1_121' title='bbox 516 1174 546 1202; x_wconf 90' lang='lat' dir='ltr'>et</span> <span class='ocrx_word' id='word_1_122' title='bbox 568 1168 696 1202; x_wconf 79' lang='lat' dir='ltr'>definiri</span> <span class='ocrx_word' id='word_1_123' title='bbox 721 1169 861 1206; x_wconf 84' lang='lat' dir='ltr'>debere,</span> <span class='ocrx_word' id='word_1_124' title='bbox 888 1169 976 1214; x_wconf 50' lang='lat' dir='ltr'>irri-¹</span> 
     </span>
    </p>
   </div>
   <div class='ocr_carea' id='block_1_9' title="bbox 217 1223 959 1426">
    <p class='ocr_par' dir='ltr' id='par_1_10' title="bbox 217 1223 959 1372">
     <span class='ocr_line' id='line_1_26' title="bbox 217 1223 958 1267; baseline -0.001 -11"><span class='ocrx_word' id='word_1_125' title='bbox 217 1228 285 1257; x_wconf 91' lang='lat' dir='ltr'>tum</span> <span class='ocrx_word' id='word_1_126' title='bbox 306 1233 435 1267; x_wconf 87' lang='lat' dir='ltr'>quoque</span> <span class='ocrx_word' id='word_1_127' title='bbox 455 1229 486 1256; x_wconf 91' lang='lat' dir='ltr'>et</span> <span class='ocrx_word' id='word_1_128' title='bbox 505 1223 611 1263; x_wconf 87' lang='lat' dir='ltr'>inane,</span> <span class='ocrx_word' id='word_1_129' title='bbox 635 1223 659 1256; x_wconf 93' lang='lat' dir='ltr'>si</span> <span class='ocrx_word' id='word_1_130' title='bbox 678 1234 769 1256; x_wconf 83' lang='lat' dir='ltr'>secus</span> <span class='ocrx_word' id='word_1_131' title='bbox 791 1233 888 1266; x_wconf 87' lang='lat' dir='ltr'>super</span> <span class='ocrx_word' id='word_1_132' title='bbox 910 1223 958 1255; x_wconf 90' lang='lat' dir='ltr'>his</span> 
     </span>
     <span class='ocr_line' id='line_1_27' title="bbox 218 1276 959 1320; baseline -0.001 -11"><span class='ocrx_word' id='word_1_133' title='bbox 218 1286 236 1309; x_wconf 89' lang='lat' dir='ltr'>a</span> <span class='ocrx_word' id='word_1_134' title='bbox 254 1286 430 1320; x_wconf 86' lang='lat' dir='ltr'>quoquam,</span> <span class='ocrx_word' id='word_1_135' title='bbox 453 1276 563 1320; x_wconf 84' lang='lat' dir='ltr'>quavis</span> <span class='ocrx_word' id='word_1_136' title='bbox 587 1276 798 1314; x_wconf 83' lang='lat' dir='ltr'>auctoritate,</span> <span class='ocrx_word' id='word_1_137' title='bbox 821 1276 959 1313; x_wconf 62' lang='lat' dir='ltr'>scienter</span> 
     </span>
     <span class='ocr_line' id='line_1_28' title="bbox 218 1329 857 1372; baseline 0 -11"><span class='ocrx_word' id='word_1_138' title='bbox 218 1329 266 1362; x_wconf 89' lang='lat' dir='ltr'>vel</span> <span class='ocrx_word' id='word_1_139' title='bbox 286 1329 483 1371; x_wconf 84' lang='lat' dir='ltr'>ignoranter,</span> <span class='ocrx_word' id='word_1_140' title='bbox 508 1329 676 1372; x_wconf 82' lang='lat' dir='ltr'>contigerit</span> <span class='ocrx_word' id='word_1_141' title='bbox 697 1329 857 1362; x_wconf 81' lang='lat' dir='ltr'>attentari.</span> 
     </span>
    </p>

    <p class='ocr_par' dir='ltr' id='par_1_11' title="bbox 263 1381 955 1426">
     <span class='ocr_line' id='line_1_29' title="bbox 263 1381 955 1426; baseline -0.003 -10"><span class='ocrx_word' id='word_1_142' title='bbox 263 1384 279 1424; x_wconf 67' lang='grc'>5</span> <span class='ocrx_word' id='word_1_143' title='bbox 300 1381 329 1416; x_wconf 86' lang='grc'>5.</span> <span class='ocrx_word' id='word_1_144' title='bbox 353 1383 422 1416; x_wconf 83' lang='grc' dir='ltr'>Νοη</span> <span class='ocrx_word' id='word_1_145' title='bbox 448 1383 649 1416; x_wconf 85' lang='lat' dir='ltr'>obstantibus</span> <span class='ocrx_word' id='word_1_146' title='bbox 679 1382 843 1426; x_wconf 84' lang='lat' dir='ltr'>quibusvis</span> <span class='ocrx_word' id='word_1_147' title='bbox 874 1392 955 1426; x_wconf 83' lang='lat' dir='ltr'>apo-</span> 
     </span>
    </p>
   </div>
   <div class='ocr_carea' id='block_1_10' title="bbox 218 1434 976 1479">
    <p class='ocr_par' dir='ltr' id='par_1_12' title="bbox 218 1434 976 1479">
     <span class='ocr_line' id='line_1_30' title="bbox 218 1434 976 1479; baseline 0 -11"><span class='ocrx_word' id='word_1_148' title='bbox 218 1436 358 1476; x_wconf 86' lang='lat' dir='ltr'>stolicis,</span> <span class='ocrx_word' id='word_1_149' title='bbox 387 1447 423 1469; x_wconf 88' lang='lat' dir='ltr'>ac</span> <span class='ocrx_word' id='word_1_150' title='bbox 444 1436 475 1468; x_wconf 92' lang='lat' dir='ltr'>in</span> <span class='ocrx_word' id='word_1_151' title='bbox 496 1436 748 1479; x_wconf 89' lang='lat' dir='ltr'>provincialibus</span> <span class='ocrx_word' id='word_1_152' title='bbox 773 1441 803 1468; x_wconf 89' lang='lat' dir='ltr'>et</span> <span class='ocrx_word' id='word_1_153' title='bbox 820 1434 976 1479; x_wconf 60' lang='lat' dir='ltr'>synoda-f</span> 
     </span>
    </p>
   </div>
   <div class='ocr_carea' id='block_1_11' title="bbox 218 1488 959 1532">
    <p class='ocr_par' dir='ltr' id='par_1_13' title="bbox 218 1488 959 1532">
     <span class='ocr_line' id='line_1_31' title="bbox 218 1488 959 1532; baseline 0 -12"><span class='ocrx_word' id='word_1_154' title='bbox 218 1488 302 1522; x_wconf 87' lang='lat' dir='ltr'>libus</span> <span class='ocrx_word' id='word_1_155' title='bbox 323 1488 468 1521; x_wconf 86' lang='lat' dir='ltr'>conciliis</span> <span class='ocrx_word' id='word_1_156' title='bbox 489 1488 582 1521; x_wconf 90' lang='lat' dir='ltr'>editis</span> <span class='ocrx_word' id='word_1_157' title='bbox 603 1488 807 1530; x_wconf 76' lang='lat' dir='ltr'>generalibus</span> <span class='ocrx_word' id='word_1_158' title='bbox 827 1488 873 1521; x_wconf 87' lang='lat' dir='ltr'>vel</span> <span class='ocrx_word' id='word_1_159' title='bbox 888 1499 959 1532; x_wconf 89' lang='lat' dir='ltr'>spe-</span> 
     </span>
    </p>
   </div>
   <div class='ocr_carea' id='block_1_12' title="bbox 218 1540 976 1574">
    <p class='ocr_par' dir='ltr' id='par_1_14' title="bbox 218 1540 976 1574">
     <span class='ocr_line' id='line_1_32' title="bbox 218 1540 976 1574; baseline -0.003 0"><span class='ocrx_word' id='word_1_160' title='bbox 218 1541 352 1574; x_wconf 85' lang='lat' dir='ltr'>cialibus</span> <span class='ocrx_word' id='word_1_161' title='bbox 383 1541 665 1574; x_wconf 88' lang='lat' dir='ltr'>constitutionibus</span> <span class='ocrx_word' id='word_1_162' title='bbox 691 1547 718 1574; x_wconf 88' lang='lat' dir='ltr'>et</span> <span class='ocrx_word' id='word_1_163' title='bbox 745 1540 976 1573; x_wconf 51' lang='lat' dir='ltr'>ordinationi-³</span> 
     </span>
    </p>
   </div>
   <div class='ocr_carea' id='block_1_13' title="bbox 216 1593 961 2647">
    <p class='ocr_par' dir='ltr' id='par_1_15' title="bbox 216 1593 961 2647">
     <span class='ocr_line' id='line_1_33' title="bbox 217 1593 955 1636; baseline -0.003 -8"><span class='ocrx_word' id='word_1_164' title='bbox 217 1594 287 1635; x_wconf 92' lang='lat' dir='ltr'>bus,</span> <span class='ocrx_word' id='word_1_165' title='bbox 317 1605 354 1628; x_wconf 85' lang='lat' dir='ltr'>ae</span> <span class='ocrx_word' id='word_1_166' title='bbox 375 1594 534 1627; x_wconf 90' lang='lat' dir='ltr'>dictorum</span> <span class='ocrx_word' id='word_1_167' title='bbox 555 1594 817 1636; x_wconf 70' lang='lat' dir='ltr'>Congregationis</span> <span class='ocrx_word' id='word_1_168' title='bbox 839 1600 867 1626; x_wconf 90' lang='lat' dir='ltr'>et</span> <span class='ocrx_word' id='word_1_169' title='bbox 895 1593 955 1627; x_wconf 93' lang='lat' dir='ltr'>Or-</span> 
     </span>
     <span class='ocr_line' id='line_1_34' title="bbox 217 1646 959 1687; baseline -0.001 -7"><span class='ocrx_word' id='word_1_170' title='bbox 217 1647 311 1687; x_wconf 87' lang='lat' dir='ltr'>dinis,</span> <span class='ocrx_word' id='word_1_171' title='bbox 345 1647 439 1681; x_wconf 85' lang='lat' dir='ltr'>etiam</span> <span class='ocrx_word' id='word_1_172' title='bbox 478 1647 672 1687; x_wconf 86' lang='lat' dir='ltr'>iuramento,</span> <span class='ocrx_word' id='word_1_173' title='bbox 711 1646 959 1680; x_wconf 84' lang='lat' dir='ltr'>confirmatione</span> 
     </span>
     <span class='ocr_line' id='line_1_35' title="bbox 217 1700 956 1745; baseline -0.003 -11"><span class='ocrx_word' id='word_1_174' title='bbox 217 1700 416 1745; x_wconf 86' lang='lat' dir='ltr'>apostolica,</span> <span class='ocrx_word' id='word_1_175' title='bbox 447 1701 495 1733; x_wconf 88' lang='lat' dir='ltr'>vel</span> <span class='ocrx_word' id='word_1_176' title='bbox 516 1700 627 1743; x_wconf 87' lang='lat' dir='ltr'>quavis</span> <span class='ocrx_word' id='word_1_177' title='bbox 647 1700 799 1733; x_wconf 86' lang='lat' dir='ltr'>firmitate</span> <span class='ocrx_word' id='word_1_178' title='bbox 820 1700 881 1732; x_wconf 79' lang='lat' dir='ltr'>alia</span> <span class='ocrx_word' id='word_1_179' title='bbox 901 1711 956 1733; x_wconf 91' lang='lat' dir='ltr'>ro-</span> 
     </span>
     <span class='ocr_line' id='line_1_36' title="bbox 216 1753 956 1796; baseline -0.001 -10"><span class='ocrx_word' id='word_1_180' title='bbox 216 1753 348 1794; x_wconf 88' lang='lat' dir='ltr'>boratis,</span> <span class='ocrx_word' id='word_1_181' title='bbox 372 1753 497 1787; x_wconf 83' lang='lat' dir='ltr'>statutis</span> <span class='ocrx_word' id='word_1_182' title='bbox 518 1759 548 1786; x_wconf 88' lang='lat' dir='ltr'>et</span> <span class='ocrx_word' id='word_1_183' title='bbox 568 1753 866 1793; x_wconf 87' lang='lat' dir='ltr'>consuetudinibus,</span> <span class='ocrx_word' id='word_1_184' title='bbox 887 1753 956 1796; x_wconf 87' lang='lat' dir='ltr'>pri-</span> 
     </span>
     <span class='ocr_line' id='line_1_37' title="bbox 216 1807 960 1851; baseline 0 -11"><span class='ocrx_word' id='word_1_185' title='bbox 216 1807 340 1850; x_wconf 80' lang='lat' dir='ltr'>vilegiis</span> <span class='ocrx_word' id='word_1_186' title='bbox 369 1818 509 1851; x_wconf 86' lang='lat' dir='ltr'>quoque,</span> <span class='ocrx_word' id='word_1_187' title='bbox 538 1807 669 1840; x_wconf 89' lang='lat' dir='ltr'>indultis</span> <span class='ocrx_word' id='word_1_188' title='bbox 690 1813 720 1840; x_wconf 90' lang='lat' dir='ltr'>et</span> <span class='ocrx_word' id='word_1_189' title='bbox 739 1807 852 1840; x_wconf 88' lang='lat' dir='ltr'>litteris</span> <span class='ocrx_word' id='word_1_190' title='bbox 883 1817 960 1850; x_wconf 88' lang='lat' dir='ltr'>apo-</span> 
     </span>
     <span class='ocr_line' id='line_1_38' title="bbox 217 1859 959 1904; baseline 0 -12"><span class='ocrx_word' id='word_1_191' title='bbox 217 1860 347 1900; x_wconf 85' lang='lat' dir='ltr'>stolicis,</span> <span class='ocrx_word' id='word_1_192' title='bbox 371 1860 433 1893; x_wconf 89' lang='lat' dir='ltr'>illis</span> <span class='ocrx_word' id='word_1_193' title='bbox 454 1866 484 1893; x_wconf 88' lang='lat' dir='ltr'>et</span> <span class='ocrx_word' id='word_1_194' title='bbox 508 1860 638 1893; x_wconf 87' lang='lat' dir='ltr'>illorum</span> <span class='ocrx_word' id='word_1_195' title='bbox 660 1859 881 1904; x_wconf 85' lang='lat' dir='ltr'>superioribus</span> <span class='ocrx_word' id='word_1_196' title='bbox 901 1860 959 1892; x_wconf 88' lang='lat' dir='ltr'>sub</span> 
     </span>
     <span class='ocr_line' id='line_1_39' title="bbox 217 1913 959 1957; baseline 0 -11"><span class='ocrx_word' id='word_1_197' title='bbox 217 1913 475 1957; x_wconf 86' lang='lat' dir='ltr'>quibuscumque</span> <span class='ocrx_word' id='word_1_198' title='bbox 487 1913 652 1947; x_wconf 87' lang='lat' dir='ltr'>tenoribus</span> <span class='ocrx_word' id='word_1_199' title='bbox 661 1914 821 1954; x_wconf 81' lang='lat' dir='ltr'>etforrnis‚</span> <span class='ocrx_word' id='word_1_200' title='bbox 839 1924 875 1946; x_wconf 84' lang='lat' dir='ltr'>ac</span> <span class='ocrx_word' id='word_1_201' title='bbox 887 1925 959 1946; x_wconf 85' lang='lat' dir='ltr'>cum</span> 
     </span>
     <span class='ocr_line' id='line_1_40' title="bbox 217 1966 960 2010; baseline 0 -11"><span class='ocrx_word' id='word_1_202' title='bbox 217 1966 381 2010; x_wconf 85' lang='lat' dir='ltr'>quibusvis</span> <span class='ocrx_word' id='word_1_203' title='bbox 402 1967 552 2000; x_wconf 82' lang='lat' dir='ltr'>clausulis</span> <span class='ocrx_word' id='word_1_204' title='bbox 578 1972 606 1999; x_wconf 91' lang='lat' dir='ltr'>et</span> <span class='ocrx_word' id='word_1_205' title='bbox 628 1967 776 2007; x_wconf 73' lang='lat' dir='ltr'>decretis,</span> <span class='ocrx_word' id='word_1_206' title='bbox 801 1967 960 2000; x_wconf 84' lang='lat' dir='ltr'>concessis</span> 
     </span>
     <span class='ocr_line' id='line_1_41' title="bbox 217 2020 959 2060; baseline -0.001 -7"><span class='ocrx_word' id='word_1_207' title='bbox 217 2025 249 2053; x_wconf 81' lang='lat' dir='ltr'>et</span> <span class='ocrx_word' id='word_1_208' title='bbox 265 2020 473 2053; x_wconf 81' lang='lat' dir='ltr'>confirmatis.</span> <span class='ocrx_word' id='word_1_209' title='bbox 498 2020 619 2058; x_wconf 84' lang='lat' dir='ltr'>Quibus</span> <span class='ocrx_word' id='word_1_210' title='bbox 640 2020 810 2060; x_wconf 81' lang='lat' dir='ltr'>omnibus,</span> <span class='ocrx_word' id='word_1_211' title='bbox 834 2020 959 2053; x_wconf 87' lang='lat' dir='ltr'>etiamsi</span> 
     </span>
     <span class='ocr_line' id='line_1_42' title="bbox 217 2073 959 2118; baseline -0.001 -12"><span class='ocrx_word' id='word_1_212' title='bbox 217 2083 277 2118; x_wconf 84' lang='lat' dir='ltr'>pro</span> <span class='ocrx_word' id='word_1_213' title='bbox 302 2073 432 2106; x_wconf 88' lang='lat' dir='ltr'>illorum</span> <span class='ocrx_word' id='word_1_214' title='bbox 463 2073 633 2106; x_wconf 83' lang='lat' dir='ltr'>sufficienti</span> <span class='ocrx_word' id='word_1_215' title='bbox 661 2073 890 2115; x_wconf 77' lang='lat' dir='ltr'>derogatione,</span> <span class='ocrx_word' id='word_1_216' title='bbox 921 2074 959 2106; x_wconf 86' lang='lat' dir='ltr'>de</span> 
     </span>
     <span class='ocr_line' id='line_1_43' title="bbox 217 2126 956 2170; baseline 0 -12"><span class='ocrx_word' id='word_1_217' title='bbox 217 2126 278 2160; x_wconf 86' lang='lat' dir='ltr'>illis</span> <span class='ocrx_word' id='word_1_218' title='bbox 306 2137 484 2170; x_wconf 90' lang='lat' dir='ltr'>eorumque</span> <span class='ocrx_word' id='word_1_219' title='bbox 506 2126 579 2159; x_wconf 88' lang='lat' dir='ltr'>totis</span> <span class='ocrx_word' id='word_1_220' title='bbox 606 2126 772 2159; x_wconf 90' lang='lat' dir='ltr'>tenoribus</span> <span class='ocrx_word' id='word_1_221' title='bbox 797 2126 956 2170; x_wconf 86' lang='lat' dir='ltr'>specialis,</span> 
     </span>
     <span class='ocr_line' id='line_1_44' title="bbox 217 2179 960 2224; baseline -0.003 -11"><span class='ocrx_word' id='word_1_222' title='bbox 217 2180 378 2224; x_wconf 83' lang='lat' dir='ltr'>specifica,</span> <span class='ocrx_word' id='word_1_223' title='bbox 403 2190 548 2223; x_wconf 83' lang='lat' dir='ltr'>expressa</span> <span class='ocrx_word' id='word_1_224' title='bbox 571 2185 600 2212; x_wconf 87' lang='lat' dir='ltr'>et</span> <span class='ocrx_word' id='word_1_225' title='bbox 621 2179 796 2220; x_wconf 85' lang='lat' dir='ltr'>individua,</span> <span class='ocrx_word' id='word_1_226' title='bbox 820 2191 884 2212; x_wconf 91' lang='lat' dir='ltr'>non</span> <span class='ocrx_word' id='word_1_227' title='bbox 905 2191 960 2212; x_wconf 82' lang='lat' dir='ltr'>au-</span> 
     </span>
     <span class='ocr_line' id='line_1_45' title="bbox 217 2232 957 2277; baseline -0.003 -11"><span class='ocrx_word' id='word_1_228' title='bbox 217 2239 282 2266; x_wconf 90' lang='lat' dir='ltr'>tem</span> <span class='ocrx_word' id='word_1_229' title='bbox 293 2243 352 2277; x_wconf 88' lang='lat' dir='ltr'>per</span> <span class='ocrx_word' id='word_1_230' title='bbox 371 2234 530 2266; x_wconf 82' lang='lat' dir='ltr'>clausulas</span> <span class='ocrx_word' id='word_1_231' title='bbox 549 2233 715 2274; x_wconf 83' lang='lat' dir='ltr'>generales</span> <span class='ocrx_word' id='word_1_232' title='bbox 730 2232 814 2265; x_wconf 88' lang='lat' dir='ltr'>idem</span> <span class='ocrx_word' id='word_1_233' title='bbox 834 2233 957 2275; x_wconf 92' lang='lat' dir='ltr'>impor-</span> 
     </span>
     <span class='ocr_line' id='line_1_46' title="bbox 218 2285 961 2329; baseline -0.001 -10"><span class='ocrx_word' id='word_1_234' title='bbox 218 2292 330 2327; x_wconf 82' lang='lat' dir='ltr'>tames,</span> <span class='ocrx_word' id='word_1_235' title='bbox 354 2286 493 2326; x_wconf 88' lang='lat' dir='ltr'>mentio,</span> <span class='ocrx_word' id='word_1_236' title='bbox 522 2296 577 2318; x_wconf 88' lang='lat' dir='ltr'>seu</span> <span class='ocrx_word' id='word_1_237' title='bbox 599 2285 729 2329; x_wconf 89' lang='lat' dir='ltr'>quaevis</span> <span class='ocrx_word' id='word_1_238' title='bbox 749 2285 810 2319; x_wconf 86' lang='lat' dir='ltr'>alia</span> <span class='ocrx_word' id='word_1_239' title='bbox 835 2296 961 2329; x_wconf 81' lang='lat' dir='ltr'>expres-</span> 
     </span>
     <span class='ocr_line' id='line_1_47' title="bbox 217 2330 959 2382; baseline -0.001 -10"><span class='ocrx_word' id='word_1_240' title='bbox 217 2339 286 2379; x_wconf 85' lang='lat' dir='ltr'>sio,</span> <span class='ocrx_word' id='word_1_241' title='bbox 314 2345 368 2372; x_wconf 88' lang='lat' dir='ltr'>aut</span> <span class='ocrx_word' id='word_1_242' title='bbox 388 2339 494 2382; x_wconf 85' lang='lat' dir='ltr'>aliqua</span> <span class='ocrx_word' id='word_1_243' title='bbox 520 2339 581 2372; x_wconf 89' lang='lat' dir='ltr'>alia</span> <span class='ocrx_word' id='word_1_244' title='bbox 609 2338 763 2381; x_wconf 82' lang='lat' dir='ltr'>exquisita</span> <span class='ocrx_word' id='word_1_245' title='bbox 785 2330 889 2371; x_wconf 79' lang='lat' dir='ltr'>forma</span> <span class='ocrx_word' id='word_1_246' title='bbox 920 2339 959 2371; x_wconf 85' lang='lat' dir='ltr'>ad</span> 
     </span>
     <span class='ocr_line' id='line_1_48' title="bbox 218 2391 960 2432; baseline -0.001 -8"><span class='ocrx_word' id='word_1_247' title='bbox 218 2391 280 2424; x_wconf 88' lang='lat' dir='ltr'>hoc</span> <span class='ocrx_word' id='word_1_248' title='bbox 306 2392 460 2424; x_wconf 85' lang='lat' dir='ltr'>servanda</span> <span class='ocrx_word' id='word_1_249' title='bbox 486 2392 580 2432; x_wconf 80' lang='lat' dir='ltr'>foret,</span> <span class='ocrx_word' id='word_1_250' title='bbox 605 2391 733 2424; x_wconf 88' lang='lat' dir='ltr'>illorum</span> <span class='ocrx_word' id='word_1_251' title='bbox 758 2397 900 2431; x_wconf 84' lang='lat' dir='ltr'>tenores,</span> <span class='ocrx_word' id='word_1_252' title='bbox 924 2401 960 2423; x_wconf 88' lang='lat' dir='ltr'>ac</span> 
     </span>
     <span class='ocr_line' id='line_1_49' title="bbox 218 2444 960 2487; baseline -0.003 -9"><span class='ocrx_word' id='word_1_253' title='bbox 218 2445 243 2478; x_wconf 89' lang='lat' dir='ltr'>si</span> <span class='ocrx_word' id='word_1_254' title='bbox 258 2445 296 2478; x_wconf 88' lang='lat' dir='ltr'>de</span> <span class='ocrx_word' id='word_1_255' title='bbox 305 2445 402 2478; x_wconf 89' lang='lat' dir='ltr'>verbo</span> <span class='ocrx_word' id='word_1_256' title='bbox 423 2445 463 2478; x_wconf 86' lang='lat' dir='ltr'>ad</span> <span class='ocrx_word' id='word_1_257' title='bbox 476 2445 608 2478; x_wconf 89' lang='lat' dir='ltr'>verbum</span> <span class='ocrx_word' id='word_1_258' title='bbox 624 2444 854 2484; x_wconf 78' lang='lat' dir='ltr'>insererentur,</span> <span class='ocrx_word' id='word_1_259' title='bbox 869 2454 960 2487; x_wconf 89' lang='lat' dir='ltr'>prae-</span> 
     </span>
     <span class='ocr_line' id='line_1_50' title="bbox 217 2498 958 2542; baseline -0.003 -11"><span class='ocrx_word' id='word_1_260' title='bbox 217 2498 360 2532; x_wconf 86' lang='lat' dir='ltr'>sentibus</span> <span class='ocrx_word' id='word_1_261' title='bbox 380 2509 438 2542; x_wconf 92' lang='lat' dir='ltr'>pro</span> <span class='ocrx_word' id='word_1_262' title='bbox 460 2499 615 2542; x_wconf 79' lang='lat' dir='ltr'>expressis</span> <span class='ocrx_word' id='word_1_263' title='bbox 640 2504 670 2531; x_wconf 90' lang='lat' dir='ltr'>et</span> <span class='ocrx_word' id='word_1_264' title='bbox 691 2498 817 2532; x_wconf 89' lang='lat' dir='ltr'>insertis</span> <span class='ocrx_word' id='word_1_265' title='bbox 838 2498 958 2530; x_wconf 89' lang='lat' dir='ltr'>haben-</span> 
     </span>
     <span class='ocr_line' id='line_1_51' title="bbox 218 2551 955 2595; baseline -0.003 -10"><span class='ocrx_word' id='word_1_266' title='bbox 218 2557 275 2593; x_wconf 85' lang='lat' dir='ltr'>tes,</span> <span class='ocrx_word' id='word_1_267' title='bbox 299 2551 361 2585; x_wconf 91' lang='lat' dir='ltr'>illis</span> <span class='ocrx_word' id='word_1_268' title='bbox 381 2552 459 2585; x_wconf 84' lang='lat' dir='ltr'>alias</span> <span class='ocrx_word' id='word_1_269' title='bbox 471 2552 503 2584; x_wconf 89' lang='lat' dir='ltr'>in</span> <span class='ocrx_word' id='word_1_270' title='bbox 516 2562 575 2586; x_wconf 91' lang='lat' dir='ltr'>suo</span> <span class='ocrx_word' id='word_1_271' title='bbox 595 2552 713 2585; x_wconf 88' lang='lat' dir='ltr'>robore</span> <span class='ocrx_word' id='word_1_272' title='bbox 725 2551 955 2595; x_wconf 87' lang='lat' dir='ltr'>permansuris,</span> 
     </span>
     <span class='ocr_line' id='line_1_52' title="bbox 218 2604 959 2647; baseline -0.003 -8"><span class='ocrx_word' id='word_1_273' title='bbox 218 2604 277 2639; x_wconf 88' lang='lat' dir='ltr'>hac</span> <span class='ocrx_word' id='word_1_274' title='bbox 297 2605 375 2647; x_wconf 84' lang='lat' dir='ltr'>vice,</span> <span class='ocrx_word' id='word_1_275' title='bbox 400 2611 490 2640; x_wconf 84' lang='lat' dir='ltr'>motu</span> <span class='ocrx_word' id='word_1_276' title='bbox 511 2612 541 2639; x_wconf 87' lang='lat' dir='ltr'>et</span> <span class='ocrx_word' id='word_1_277' title='bbox 561 2605 694 2640; x_wconf 89' lang='lat' dir='ltr'>scientia</span> <span class='ocrx_word' id='word_1_278' title='bbox 711 2605 869 2639; x_wconf 88' lang='lat' dir='ltr'>similibus</span> <span class='ocrx_word' id='word_1_279' title='bbox 884 2632 891 2646; x_wconf 88' lang='lat'>,</span> <span class='ocrx_word' id='word_1_280' title='bbox 915 2605 959 2638; x_wconf 84' lang='lat' dir='ltr'>la-</span> 
     </span>
    </p>
   </div>
   <div class='ocr_carea' id='block_1_14' title="bbox 974 268 981 2624">
    <p class='ocr_par' dir='ltr' id='par_1_16' title="bbox 974 268 981 2624">
     <span class='ocr_line' id='line_1_53' title="bbox 974 268 981 2624; baseline 0 0"><span class='ocrx_word' id='word_1_281' title='bbox 974 268 981 2624; x_wconf 95' lang='lat' dir='ltr'> </span> 
     </span>
    </p>
   </div>
   <div class='ocr_carea' id='block_1_15' title="bbox 994 264 1736 999">
    <p class='ocr_par' dir='ltr' id='par_1_17' title="bbox 994 264 1736 722">
     <span class='ocr_line' id='line_1_54' title="bbox 998 264 1735 308; baseline 0 -10"><span class='ocrx_word' id='word_1_282' title='bbox 998 266 1115 299; x_wconf 84' lang='lat' dir='ltr'>tissime</span> <span class='ocrx_word' id='word_1_283' title='bbox 1150 266 1364 307; x_wconf 76' lang='lat' dir='ltr'>derogamus,</span> <span class='ocrx_word' id='word_1_284' title='bbox 1401 264 1571 298; x_wconf 83' lang='lat' dir='ltr'>contrariis</span> <span class='ocrx_word' id='word_1_285' title='bbox 1602 265 1735 308; x_wconf 88' lang='lat' dir='ltr'>quibus-</span> 
     </span>
     <span class='ocr_line' id='line_1_55' title="bbox 996 318 1735 363; baseline -0.001 -12"><span class='ocrx_word' id='word_1_286' title='bbox 996 330 1145 363; x_wconf 69' lang='lat' dir='ltr'>cumque.</span> <span class='ocrx_word' id='word_1_287' title='bbox 1170 320 1227 352; x_wconf 69' lang='lat' dir='ltr'>Aut</span> <span class='ocrx_word' id='word_1_288' title='bbox 1255 319 1278 351; x_wconf 88' lang='lat' dir='ltr'>si</span> <span class='ocrx_word' id='word_1_289' title='bbox 1300 318 1472 362; x_wconf 84' lang='lat' dir='ltr'>praedictis</span> <span class='ocrx_word' id='word_1_290' title='bbox 1491 318 1735 360; x_wconf 62' lang='lat' dir='ltr'>Congregationi</span> 
     </span>
     <span class='ocr_line' id='line_1_56' title="bbox 996 372 1736 415; baseline 0 -10"><span class='ocrx_word' id='word_1_291' title='bbox 996 379 1022 405; x_wconf 88' lang='lat' dir='ltr'>et</span> <span class='ocrx_word' id='word_1_292' title='bbox 1045 373 1220 410; x_wconf 71' lang='lat' dir='ltr'>monacbis,</span> <span class='ocrx_word' id='word_1_293' title='bbox 1246 373 1292 405; x_wconf 79' lang='lat' dir='ltr'>vel</span> <span class='ocrx_word' id='word_1_294' title='bbox 1314 372 1478 415; x_wconf 75' lang='lat' dir='ltr'>quibusvis</span> <span class='ocrx_word' id='word_1_295' title='bbox 1491 372 1571 411; x_wconf 88' lang='lat' dir='ltr'>aliis,</span> <span class='ocrx_word' id='word_1_296' title='bbox 1591 383 1736 405; x_wconf 86' lang='lat' dir='ltr'>commu-</span> 
     </span>
     <span class='ocr_line' id='line_1_57' title="bbox 996 425 1736 469; baseline 0.001 -13"><span class='ocrx_word' id='word_1_297' title='bbox 996 425 1078 457; x_wconf 78' lang='lat' dir='ltr'>niter</span> <span class='ocrx_word' id='word_1_298' title='bbox 1097 426 1143 457; x_wconf 80' lang='lat' dir='ltr'>vel</span> <span class='ocrx_word' id='word_1_299' title='bbox 1171 425 1308 462; x_wconf 81' lang='lat' dir='ltr'>divisim,</span> <span class='ocrx_word' id='word_1_300' title='bbox 1332 426 1371 458; x_wconf 88' lang='lat' dir='ltr'>ab</span> <span class='ocrx_word' id='word_1_301' title='bbox 1393 425 1568 469; x_wconf 75' lang='lat' dir='ltr'>apostolica</span> <span class='ocrx_word' id='word_1_302' title='bbox 1591 425 1631 457; x_wconf 90' lang='lat' dir='ltr'>sit</span> <span class='ocrx_word' id='word_1_303' title='bbox 1655 425 1736 458; x_wconf 86' lang='lat' dir='ltr'>Sede</span> 
     </span>
     <span class='ocr_line' id='line_1_58' title="bbox 996 477 1733 522; baseline 0 -13"><span class='ocrx_word' id='word_1_304' title='bbox 996 477 1172 517; x_wconf 83' lang='lat' dir='ltr'>indultum,</span> <span class='ocrx_word' id='word_1_305' title='bbox 1202 478 1288 520; x_wconf 85' lang='lat' dir='ltr'>quod</span> <span class='ocrx_word' id='word_1_306' title='bbox 1318 478 1476 516; x_wconf 73' lang='lat' dir='ltr'>interdici,</span> <span class='ocrx_word' id='word_1_307' title='bbox 1502 478 1665 522; x_wconf 85' lang='lat' dir='ltr'>suspendi,</span> <span class='ocrx_word' id='word_1_308' title='bbox 1684 478 1733 512; x_wconf 60' lang='lat' dir='ltr'>vel</span> 
     </span>
     <span class='ocr_line' id='line_1_59' title="bbox 995 530 1736 574; baseline 0.001 -12"><span class='ocrx_word' id='word_1_309' title='bbox 995 530 1265 563; x_wconf 80' lang='lat' dir='ltr'>excommunicari</span> <span class='ocrx_word' id='word_1_310' title='bbox 1296 541 1359 563; x_wconf 95' lang='lat' dir='ltr'>non</span> <span class='ocrx_word' id='word_1_311' title='bbox 1392 531 1512 574; x_wconf 86' lang='lat' dir='ltr'>possint</span> <span class='ocrx_word' id='word_1_312' title='bbox 1538 541 1596 574; x_wconf 90' lang='lat' dir='ltr'>per</span> <span class='ocrx_word' id='word_1_313' title='bbox 1616 531 1736 563; x_wconf 86' lang='lat' dir='ltr'>litteras</span> 
     </span>
     <span class='ocr_line' id='line_1_60' title="bbox 994 583 1732 627; baseline 0.001 -12"><span class='ocrx_word' id='word_1_314' title='bbox 994 583 1186 626; x_wconf 71' lang='lat' dir='ltr'>apostolicas</span> <span class='ocrx_word' id='word_1_315' title='bbox 1207 593 1270 615; x_wconf 88' lang='lat' dir='ltr'>nou</span> <span class='ocrx_word' id='word_1_316' title='bbox 1298 584 1449 616; x_wconf 77' lang='lat' dir='ltr'>facientes</span> <span class='ocrx_word' id='word_1_317' title='bbox 1470 584 1598 627; x_wconf 86' lang='lat' dir='ltr'>plenam</span> <span class='ocrx_word' id='word_1_318' title='bbox 1618 590 1648 616; x_wconf 86' lang='lat' dir='ltr'>et</span> <span class='ocrx_word' id='word_1_319' title='bbox 1677 594 1732 616; x_wconf 76' lang='lat' dir='ltr'>ex-</span> 
     </span>
     <span class='ocr_line' id='line_1_61' title="bbox 994 637 1735 679; baseline 0.001 -11"><span class='ocrx_word' id='word_1_320' title='bbox 994 647 1147 679; x_wconf 68' lang='lat' dir='ltr'>pressam,</span> <span class='ocrx_word' id='word_1_321' title='bbox 1172 647 1207 669; x_wconf 87' lang='lat' dir='ltr'>ac</span> <span class='ocrx_word' id='word_1_322' title='bbox 1228 637 1267 669; x_wconf 89' lang='lat' dir='ltr'>de</span> <span class='ocrx_word' id='word_1_323' title='bbox 1285 637 1382 669; x_wconf 84' lang='lat' dir='ltr'>verbo</span> <span class='ocrx_word' id='word_1_324' title='bbox 1403 637 1442 669; x_wconf 89' lang='lat' dir='ltr'>ad</span> <span class='ocrx_word' id='word_1_325' title='bbox 1460 637 1605 675; x_wconf 82' lang='lat' dir='ltr'>verbum,</span> <span class='ocrx_word' id='word_1_326' title='bbox 1630 637 1669 670; x_wconf 88' lang='lat' dir='ltr'>de</span> <span class='ocrx_word' id='word_1_327' title='bbox 1689 637 1735 669; x_wconf 92' lang='lat' dir='ltr'>in-</span> 
     </span>
     <span class='ocr_line' id='line_1_62' title="bbox 995 689 1518 722; baseline -0.002 0"><span class='ocrx_word' id='word_1_328' title='bbox 995 690 1084 722; x_wconf 90' lang='lat' dir='ltr'>dulto</span> <span class='ocrx_word' id='word_1_329' title='bbox 1106 689 1289 722; x_wconf 82' lang='lat' dir='ltr'>huiusmodi</span> <span class='ocrx_word' id='word_1_330' title='bbox 1310 690 1518 722; x_wconf 81' lang='lat' dir='ltr'>mentionem.</span> 
     </span>
    </p>

    <p class='ocr_par' dir='ltr' id='par_1_18' title="bbox 994 742 1734 999">
     <span class='ocr_line' id='line_1_63' title="bbox 1039 742 1733 784; baseline 0.003 -11"><span class='ocrx_word' id='word_1_331' title='bbox 1039 744 1055 784; x_wconf 64' lang='lat' dir='ltr'>g</span> <span class='ocrx_word' id='word_1_332' title='bbox 1076 742 1105 774; x_wconf 68' lang='grc' dir='ltr'>(ἶ.</span> <span class='ocrx_word' id='word_1_333' title='bbox 1131 743 1174 775; x_wconf 77' lang='lat' dir='ltr'>Ac</span> <span class='ocrx_word' id='word_1_334' title='bbox 1191 748 1226 774; x_wconf 91' lang='lat' dir='ltr'>ut</span> <span class='ocrx_word' id='word_1_335' title='bbox 1245 742 1359 774; x_wconf 88' lang='lat' dir='ltr'>barum</span> <span class='ocrx_word' id='word_1_336' title='bbox 1375 742 1554 775; x_wconf 88' lang='lat' dir='ltr'>litterarum</span> <span class='ocrx_word' id='word_1_337' title='bbox 1569 742 1681 775; x_wconf 82' lang='lat' dir='ltr'>notitia</span> <span class='ocrx_word' id='word_1_338' title='bbox 1694 743 1733 775; x_wconf 87' lang='lat' dir='ltr'>ad</span> 
     </span>
     <span class='ocr_line' id='line_1_64' title="bbox 994 796 1734 837; baseline 0.001 -10"><span class='ocrx_word' id='word_1_339' title='bbox 994 806 1106 828; x_wconf 85' lang='lat' dir='ltr'>omnes</span> <span class='ocrx_word' id='word_1_340' title='bbox 1138 796 1241 828; x_wconf 89' lang='lat' dir='ltr'>dictae</span> <span class='ocrx_word' id='word_1_341' title='bbox 1265 796 1528 837; x_wconf 63' lang='lat' dir='ltr'>Congregationis</span> <span class='ocrx_word' id='word_1_342' title='bbox 1560 796 1734 828; x_wconf 85' lang='lat' dir='ltr'>monachos</span> 
     </span>
     <span class='ocr_line' id='line_1_65' title="bbox 994 849 1734 891; baseline 0.001 -10"><span class='ocrx_word' id='word_1_343' title='bbox 994 849 1115 882; x_wconf 80' lang='lat' dir='ltr'>facilius</span> <span class='ocrx_word' id='word_1_344' title='bbox 1141 849 1298 887; x_wconf 73' lang='lat' dir='ltr'>deveniat,</span> <span class='ocrx_word' id='word_1_345' title='bbox 1321 850 1467 882; x_wconf 91' lang='lat' dir='ltr'>volumus</span> <span class='ocrx_word' id='word_1_346' title='bbox 1494 849 1561 882; x_wconf 87' lang='lat' dir='ltr'>illas</span> <span class='ocrx_word' id='word_1_347' title='bbox 1587 849 1618 881; x_wconf 90' lang='lat' dir='ltr'>in</span> <span class='ocrx_word' id='word_1_348' title='bbox 1639 860 1734 891; x_wconf 79' lang='lat' dir='ltr'>genc-</span> 
     </span>
     <span class='ocr_line' id='line_1_66' title="bbox 994 902 1734 945; baseline 0.001 -11"><span class='ocrx_word' id='word_1_349' title='bbox 994 902 1051 934; x_wconf 83' lang='lat' dir='ltr'>rali</span> <span class='ocrx_word' id='word_1_350' title='bbox 1074 902 1177 934; x_wconf 85' lang='lat' dir='ltr'>dictae</span> <span class='ocrx_word' id='word_1_351' title='bbox 1203 902 1467 944; x_wconf 63' lang='lat' dir='ltr'>Coneregationis</span> <span class='ocrx_word' id='word_1_352' title='bbox 1494 902 1634 945; x_wconf 87' lang='lat' dir='ltr'>capitulo</span> <span class='ocrx_word' id='word_1_353' title='bbox 1655 912 1734 945; x_wconf 87' lang='lat' dir='ltr'>quo-</span> 
     </span>
     <span class='ocr_line' id='line_1_67' title="bbox 994 956 1734 999; baseline 0.001 -11"><span class='ocrx_word' id='word_1_354' title='bbox 994 956 1097 988; x_wconf 87' lang='lat' dir='ltr'>tannis</span> <span class='ocrx_word' id='word_1_355' title='bbox 1118 956 1244 999; x_wconf 78' lang='lat' dir='ltr'>publice</span> <span class='ocrx_word' id='word_1_356' title='bbox 1275 956 1347 998; x_wconf 69' lang='lat' dir='ltr'>legi,</span> <span class='ocrx_word' id='word_1_357' title='bbox 1372 956 1480 999; x_wconf 88' lang='lat' dir='ltr'>ibique</span> <span class='ocrx_word' id='word_1_358' title='bbox 1505 956 1602 988; x_wconf 85' lang='lat' dir='ltr'>lectas</span> <span class='ocrx_word' id='word_1_359' title='bbox 1623 966 1734 989; x_wconf 89' lang='lat' dir='ltr'>omnes</span> 
     </span>
    </p>
   </div>
   <div class='ocr_carea' id='block_1_16' title="bbox 992 1062 1735 1744">
    <p class='ocr_par' dir='ltr' id='par_1_19' title="bbox 992 1062 1735 1466">
     <span class='ocr_line' id='line_1_68' title="bbox 995 1062 1733 1105; baseline 0 -11"><span class='ocrx_word' id='word_1_360' title='bbox 995 1062 1123 1095; x_wconf 86' lang='lat' dir='ltr'>timatae</span> <span class='ocrx_word' id='word_1_361' title='bbox 1138 1062 1281 1102; x_wconf 80' lang='lat' dir='ltr'>fuissent,</span> <span class='ocrx_word' id='word_1_362' title='bbox 1295 1062 1490 1105; x_wconf 86' lang='lat' dir='ltr'>illorumque</span> <span class='ocrx_word' id='word_1_363' title='bbox 1504 1062 1669 1105; x_wconf 77' lang='lat' dir='ltr'>exemplis,</span> <span class='ocrx_word' id='word_1_364' title='bbox 1685 1062 1733 1095; x_wconf 88' lang='lat' dir='ltr'>vel</span> 
     </span>
     <span class='ocr_line' id='line_1_69' title="bbox 993 1115 1735 1158; baseline 0.001 -12"><span class='ocrx_word' id='word_1_365' title='bbox 993 1115 1166 1158; x_wconf 73' lang='lat' dir='ltr'>impressis,</span> <span class='ocrx_word' id='word_1_366' title='bbox 1188 1126 1284 1147; x_wconf 90' lang='lat' dir='ltr'>manu</span> <span class='ocrx_word' id='word_1_367' title='bbox 1306 1115 1429 1147; x_wconf 85' lang='lat' dir='ltr'>scribae</span> <span class='ocrx_word' id='word_1_368' title='bbox 1447 1115 1522 1147; x_wconf 87' lang='lat' dir='ltr'>dieti</span> <span class='ocrx_word' id='word_1_369' title='bbox 1537 1115 1666 1158; x_wconf 88' lang='lat' dir='ltr'>capituli</span> <span class='ocrx_word' id='word_1_370' title='bbox 1687 1115 1735 1148; x_wconf 77' lang='lat' dir='ltr'>vel</span> 
     </span>
     <span class='ocr_line' id='line_1_70' title="bbox 992 1167 1735 1211; baseline 0.001 -12"><span class='ocrx_word' id='word_1_371' title='bbox 992 1168 1109 1200; x_wconf 84' lang='lat' dir='ltr'>notarii</span> <span class='ocrx_word' id='word_1_372' title='bbox 1131 1167 1251 1211; x_wconf 84' lang='lat' dir='ltr'>publici</span> <span class='ocrx_word' id='word_1_373' title='bbox 1281 1167 1486 1210; x_wconf 82' lang='lat' dir='ltr'>subscriptis,</span> <span class='ocrx_word' id='word_1_374' title='bbox 1508 1172 1538 1200; x_wconf 86' lang='lat' dir='ltr'>et</span> <span class='ocrx_word' id='word_1_375' title='bbox 1558 1167 1661 1209; x_wconf 73' lang='lat' dir='ltr'>sigillo</span> <span class='ocrx_word' id='word_1_376' title='bbox 1682 1177 1735 1209; x_wconf 76' lang='lat' dir='ltr'>ge-</span> 
     </span>
     <span class='ocr_line' id='line_1_71' title="bbox 993 1220 1735 1264; baseline -0.001 -11"><span class='ocrx_word' id='word_1_377' title='bbox 993 1220 1109 1253; x_wconf 90' lang='lat' dir='ltr'>neralis</span> <span class='ocrx_word' id='word_1_378' title='bbox 1130 1220 1229 1264; x_wconf 87' lang='lat' dir='ltr'>ipsius</span> <span class='ocrx_word' id='word_1_379' title='bbox 1249 1220 1522 1262; x_wconf 76' lang='lat' dir='ltr'>Congregationis,</span> <span class='ocrx_word' id='word_1_380' title='bbox 1544 1220 1591 1252; x_wconf 85' lang='lat' dir='ltr'>vel</span> <span class='ocrx_word' id='word_1_381' title='bbox 1605 1220 1735 1253; x_wconf 84' lang='lat' dir='ltr'>alterius</span> 
     </span>
     <span class='ocr_line' id='line_1_72' title="bbox 993 1272 1734 1315; baseline -0.001 -10"><span class='ocrx_word' id='word_1_382' title='bbox 993 1273 1024 1306; x_wconf 89' lang='lat' dir='ltr'>in</span> <span class='ocrx_word' id='word_1_383' title='bbox 1046 1273 1201 1315; x_wconf 77' lang='lat' dir='ltr'>dignitate</span> <span class='ocrx_word' id='word_1_384' title='bbox 1226 1273 1442 1306; x_wconf 78' lang='lat' dir='ltr'>ecclesiastica</span> <span class='ocrx_word' id='word_1_385' title='bbox 1462 1272 1626 1305; x_wconf 89' lang='lat' dir='ltr'>constituti</span> <span class='ocrx_word' id='word_1_386' title='bbox 1648 1272 1734 1305; x_wconf 85' lang='lat' dir='ltr'>obsi-</span> 
     </span>
     <span class='ocr_line' id='line_1_73' title="bbox 992 1325 1731 1370; baseline -0.001 -11"><span class='ocrx_word' id='word_1_387' title='bbox 992 1327 1111 1370; x_wconf 78' lang='lat' dir='ltr'>gnatis,</span> <span class='ocrx_word' id='word_1_388' title='bbox 1145 1327 1292 1359; x_wconf 88' lang='lat' dir='ltr'>eamdem</span> <span class='ocrx_word' id='word_1_389' title='bbox 1315 1336 1447 1370; x_wconf 90' lang='lat' dir='ltr'>prorsus</span> <span class='ocrx_word' id='word_1_390' title='bbox 1476 1326 1573 1359; x_wconf 84' lang='lat' dir='ltr'>fidem</span> <span class='ocrx_word' id='word_1_391' title='bbox 1597 1325 1731 1365; x_wconf 84' lang='lat' dir='ltr'>baberi,</span> 
     </span>
     <span class='ocr_line' id='line_1_74' title="bbox 993 1378 1735 1425; baseline 0 -14"><span class='ocrx_word' id='word_1_392' title='bbox 993 1391 1074 1424; x_wconf 80' lang='lat' dir='ltr'>quae</span> <span class='ocrx_word' id='word_1_393' title='bbox 1103 1380 1325 1425; x_wconf 86' lang='lat' dir='ltr'>praesentibus</span> <span class='ocrx_word' id='word_1_394' title='bbox 1361 1379 1549 1419; x_wconf 84' lang='lat' dir='ltr'>haberetur,</span> <span class='ocrx_word' id='word_1_395' title='bbox 1579 1378 1603 1411; x_wconf 92' lang='lat' dir='ltr'>si</span> <span class='ocrx_word' id='word_1_396' title='bbox 1631 1379 1735 1411; x_wconf 85' lang='lat' dir='ltr'>forent</span> 
     </span>
     <span class='ocr_line' id='line_1_75' title="bbox 993 1433 1368 1466; baseline 0 -1"><span class='ocrx_word' id='word_1_397' title='bbox 993 1433 1128 1466; x_wconf 77' lang='lat' dir='ltr'>exibitae</span> <span class='ocrx_word' id='word_1_398' title='bbox 1150 1434 1196 1465; x_wconf 85' lang='lat' dir='ltr'>vel</span> <span class='ocrx_word' id='word_1_399' title='bbox 1211 1438 1368 1466; x_wconf 85' lang='lat' dir='ltr'>ostensae.</span> 
     </span>
    </p>

    <p class='ocr_par' dir='ltr' id='par_1_20' title="bbox 993 1485 1735 1690">
     <span class='ocr_line' id='line_1_76' title="bbox 1036 1485 1733 1530; baseline -0.003 -10"><span class='ocrx_word' id='word_1_400' title='bbox 1036 1488 1150 1520; x_wconf 87' lang='lat' dir='ltr'>Datum</span> <span class='ocrx_word' id='word_1_401' title='bbox 1179 1488 1299 1521; x_wconf 88' lang='lat' dir='ltr'>Romae</span> <span class='ocrx_word' id='word_1_402' title='bbox 1320 1487 1404 1530; x_wconf 86' lang='lat' dir='ltr'>apud</span> <span class='ocrx_word' id='word_1_403' title='bbox 1435 1487 1465 1520; x_wconf 82' lang='lat' dir='ltr'>S.</span> <span class='ocrx_word' id='word_1_404' title='bbox 1489 1487 1649 1526; x_wconf 83' lang='lat' dir='ltr'>Marcum,</span> <span class='ocrx_word' id='word_1_405' title='bbox 1675 1485 1733 1519; x_wconf 90' lang='lat' dir='ltr'>sub</span> 
     </span>
     <span class='ocr_line' id='line_1_77' title="bbox 993 1539 1735 1583; baseline -0.001 -10"><span class='ocrx_word' id='word_1_406' title='bbox 993 1542 1112 1573; x_wconf 81' lang='lat' dir='ltr'>annulo</span> <span class='ocrx_word' id='word_1_407' title='bbox 1127 1541 1307 1579; x_wconf 76' lang='lat' dir='ltr'>piscatoris,</span> <span class='ocrx_word' id='word_1_408' title='bbox 1325 1540 1425 1573; x_wconf 84' lang='lat' dir='ltr'>diem</span> <span class='ocrx_word' id='word_1_409' title='bbox 1446 1539 1647 1583; x_wconf 83' lang='lat' dir='ltr'>septembris,</span> <span class='ocrx_word' id='word_1_410' title='bbox 1665 1539 1735 1572; x_wconf 91' lang='lat' dir='ltr'>mil-</span> 
     </span>
     <span class='ocr_line' id='line_1_78' title="bbox 994 1592 1731 1636; baseline -0.003 -10"><span class='ocrx_word' id='word_1_411' title='bbox 994 1593 1107 1626; x_wconf 87' lang='lat' dir='ltr'>lesimo</span> <span class='ocrx_word' id='word_1_412' title='bbox 1121 1593 1380 1636; x_wconf 78' lang='lat' dir='ltr'>quingentesimo</span> <span class='ocrx_word' id='word_1_413' title='bbox 1401 1592 1611 1635; x_wconf 78' lang='lat' dir='ltr'>nonagesimo</span> <span class='ocrx_word' id='word_1_414' title='bbox 1632 1597 1731 1630; x_wconf 83' lang='lat' dir='ltr'>sexto,</span> 
     </span>
     <span class='ocr_line' id='line_1_79' title="bbox 993 1645 1509 1690; baseline -0.006 -11"><span class='ocrx_word' id='word_1_415' title='bbox 993 1646 1199 1690; x_wconf 85' lang='lat' dir='ltr'>pontificatus</span> <span class='ocrx_word' id='word_1_416' title='bbox 1217 1645 1328 1686; x_wconf 85' lang='lat' dir='ltr'>nostri,</span> <span class='ocrx_word' id='word_1_417' title='bbox 1343 1655 1428 1678; x_wconf 89' lang='lat' dir='ltr'>anno</span> <span class='ocrx_word' id='word_1_418' title='bbox 1445 1656 1474 1677; x_wconf 85' lang='lat' dir='ltr'>v.</span> <span class='ocrx_word' id='word_1_419' title='bbox 1490 1645 1509 1676; x_wconf 89' lang='lat'>¹.</span> 
     </span>
    </p>

    <p class='ocr_par' dir='ltr' id='par_1_21' title="bbox 1030 1708 1648 1744">
     <span class='ocr_line' id='line_1_80' title="bbox 1030 1708 1648 1744; baseline -0.002 -10"><span class='ocrx_word' id='word_1_420' title='bbox 1030 1708 1086 1735; x_wconf 41' lang='lat' dir='ltr'>Dat,</span> <span class='ocrx_word' id='word_1_421' title='bbox 1105 1708 1148 1734; x_wconf 83' lang='lat' dir='ltr'>die</span> <span class='ocrx_word' id='word_1_422' title='bbox 1167 1709 1183 1736; x_wconf 88' lang='lat'><strong>3</strong></span> <span class='ocrx_word' id='word_1_423' title='bbox 1198 1708 1347 1744; x_wconf 82' lang='lat' dir='ltr'>septembr.</span> <span class='ocrx_word' id='word_1_424' title='bbox 1366 1708 1444 1741; x_wconf 78' lang='lat'>1596,</span> <span class='ocrx_word' id='word_1_425' title='bbox 1466 1710 1541 1743; x_wconf 87' lang='lat' dir='ltr'>pont.</span> <span class='ocrx_word' id='word_1_426' title='bbox 1558 1715 1601 1734; x_wconf 76' lang='lat' dir='ltr'>an.</span> <span class='ocrx_word' id='word_1_427' title='bbox 1623 1714 1648 1733; x_wconf 77' lang='lat' dir='ltr'>v.</span> 
     </span>
    </p>
   </div>
   <div class='ocr_carea' id='block_1_17' title="bbox 1321 1884 1404 1918">
    <p class='ocr_par' dir='ltr' id='par_1_22' title="bbox 1321 1884 1404 1918">
     <span class='ocr_line' id='line_1_81' title="bbox 1321 1884 1404 1918; baseline -0.024 0"><span class='ocrx_word' id='word_1_428' title='bbox 1321 1884 1404 1918; x_wconf 88' lang='lat' dir='ltr'>CXL.</span> 
     </span>
    </p>
   </div>
   <div class='ocr_carea' id='block_1_18' title="bbox 996 1981 1737 2211">
    <p class='ocr_par' dir='ltr' id='par_1_23' title="bbox 996 1981 1737 2211">
     <span class='ocr_line' id='line_1_82' title="bbox 996 1981 1737 2025; baseline -0.003 -10"><span class='ocrx_word' id='word_1_429' title='bbox 996 1981 1227 2016; x_wconf 78' lang='lat' dir='ltr'>Ordinationes</span> <span class='ocrx_word' id='word_1_430' title='bbox 1244 1991 1305 2025; x_wconf 78' lang='lat' dir='ltr'>pro</span> <span class='ocrx_word' id='word_1_431' title='bbox 1326 1982 1405 2013; x_wconf 80' lang='lat' dir='ltr'><em>bono</em></span> <span class='ocrx_word' id='word_1_432' title='bbox 1422 1981 1582 2023; x_wconf 70' lang='lat' dir='ltr'>reyimz&#39;ne</span> <span class='ocrx_word' id='word_1_433' title='bbox 1601 1981 1737 2023; x_wconf 64' lang='lat' dir='ltr'>Corcyre-</span> 
     </span>
     <span class='ocr_line' id='line_1_83' title="bbox 1037 2044 1735 2088; baseline -0.003 -11"><span class='ocrx_word' id='word_1_434' title='bbox 1037 2047 1181 2088; x_wconf 74' lang='lat' dir='ltr'>9atiom&#39;s</span> <span class='ocrx_word' id='word_1_435' title='bbox 1204 2046 1347 2088; x_wconf 76' lang='lat' dir='ltr'>fratrum</span> <span class='ocrx_word' id='word_1_436' title='bbox 1367 2045 1503 2078; x_wconf 73' lang='lat' dir='ltr'>Ioannis</span> <span class='ocrx_word' id='word_1_437' title='bbox 1525 2044 1585 2076; x_wconf 67' lang='lat' dir='ltr'>Dei</span> <span class='ocrx_word' id='word_1_438' title='bbox 1608 2053 1735 2075; x_wconf 76' lang='lat' dir='ltr'>nuncu-</span> 
     </span>
     <span class='ocr_line' id='line_1_84' title="bbox 1036 2106 1737 2151; baseline -0.003 -11"><span class='ocrx_word' id='word_1_439' title='bbox 1036 2113 1151 2151; x_wconf 77' lang='lat' dir='ltr'>patae,</span> <span class='ocrx_word' id='word_1_440' title='bbox 1171 2119 1230 2151; x_wconf 77' lang='lat' dir='ltr'>per</span> <span class='ocrx_word' id='word_1_441' title='bbox 1248 2109 1436 2141; x_wconf 74' lang='lat' dir='ltr'>universam</span> <span class='ocrx_word' id='word_1_442' title='bbox 1457 2107 1604 2145; x_wconf 71' lang='lat' dir='ltr'>Italiam,</span> <span class='ocrx_word' id='word_1_443' title='bbox 1628 2110 1656 2138; x_wconf 80' lang='lat' dir='ltr'>et</span> <span class='ocrx_word' id='word_1_444' title='bbox 1676 2106 1737 2138; x_wconf 80' lang='lat' dir='ltr'>ele-</span> 
     </span>
     <span class='ocr_line' id='line_1_85' title="bbox 1038 2168 1732 2211; baseline -0.006 -8"><span class='ocrx_word' id='word_1_445' title='bbox 1038 2171 1141 2203; x_wconf 68' lang='lat' dir='ltr'>ctione</span> <span class='ocrx_word' id='word_1_446' title='bbox 1149 2171 1286 2202; x_wconf 71' lang='lat' dir='ltr'>mttioris</span> <span class='ocrx_word' id='word_1_447' title='bbox 1295 2170 1438 2203; x_wconf 72' lang='lat' dir='ltr'>eiusdem</span> <span class='ocrx_word' id='word_1_448' title='bbox 1448 2168 1732 2211; x_wconf 50' lang='lat' dir='ltr'>coum-eyminum?</span> 
     </span>
    </p>
   </div>
   <div class='ocr_carea' id='block_1_19' title="bbox 992 2257 1737 2650">
    <p class='ocr_par' dir='ltr' id='par_1_24' title="bbox 994 2257 1737 2470">
     <span class='ocr_line' id='line_1_86' title="bbox 1032 2257 1736 2294; baseline -0.003 -9"><span class='ocrx_word' id='word_1_449' title='bbox 1032 2260 1039 2285; x_wconf 89' lang='grc'>1</span> <span class='ocrx_word' id='word_1_450' title='bbox 1064 2259 1194 2294; x_wconf 85' lang='lat' dir='ltr'>Sequenti</span> <span class='ocrx_word' id='word_1_451' title='bbox 1211 2258 1254 2285; x_wconf 87' lang='lat' dir='ltr'>die</span> <span class='ocrx_word' id='word_1_452' title='bbox 1270 2259 1393 2286; x_wconf 87' lang='lat' dir='ltr'>Clemens</span> <span class='ocrx_word' id='word_1_453' title='bbox 1407 2257 1545 2293; x_wconf 79' lang='lat' dir='ltr'>privilegia</span> <span class='ocrx_word' id='word_1_454' title='bbox 1561 2258 1650 2284; x_wconf 84' lang='lat' dir='ltr'>omnia</span> <span class='ocrx_word' id='word_1_455' title='bbox 1665 2257 1736 2283; x_wconf 84' lang='lat' dir='ltr'>Con-</span> 
     </span>
     <span class='ocr_line' id='line_1_87' title="bbox 994 2301 1736 2338; baseline -0.003 -9"><span class='ocrx_word' id='word_1_456' title='bbox 994 2303 1144 2338; x_wconf 74' lang='lat' dir='ltr'>gregatioui</span> <span class='ocrx_word' id='word_1_457' title='bbox 1165 2303 1196 2330; x_wconf 87' lang='lat' dir='ltr'>de</span> <span class='ocrx_word' id='word_1_458' title='bbox 1217 2303 1359 2330; x_wconf 85' lang='lat' dir='ltr'>Aleohatia</span> <span class='ocrx_word' id='word_1_459' title='bbox 1379 2302 1485 2329; x_wconf 85' lang='lat' dir='ltr'>Ordinis</span> <span class='ocrx_word' id='word_1_460' title='bbox 1506 2301 1691 2329; x_wconf 83' lang='lat' dir='ltr'>Cisterciensis</span> <span class='ocrx_word' id='word_1_461' title='bbox 1711 2301 1736 2327; x_wconf 88' lang='lat' dir='ltr'>in</span> 
     </span>
     <span class='ocr_line' id='line_1_88' title="bbox 996 2347 1733 2382; baseline -0.001 -9"><span class='ocrx_word' id='word_1_462' title='bbox 996 2347 1158 2382; x_wconf 76' lang='lat' dir='ltr'>rortugallta</span> <span class='ocrx_word' id='word_1_463' title='bbox 1172 2356 1187 2374; x_wconf 82' lang='lat' dir='ltr'>a</span> <span class='ocrx_word' id='word_1_464' title='bbox 1197 2347 1252 2374; x_wconf 87' lang='lat' dir='ltr'>suis</span> <span class='ocrx_word' id='word_1_465' title='bbox 1263 2347 1517 2382; x_wconf 79' lang='lat' dir='ltr'>praedecessoribus</span> <span class='ocrx_word' id='word_1_466' title='bbox 1533 2354 1660 2373; x_wconf 77' lang='lat' dir='ltr'>concessa</span> <span class='ocrx_word' id='word_1_467' title='bbox 1672 2355 1733 2373; x_wconf 87' lang='lat' dir='ltr'>con-</span> 
     </span>
     <span class='ocr_line' id='line_1_89' title="bbox 995 2391 1737 2427; baseline 0.001 -10"><span class='ocrx_word' id='word_1_468' title='bbox 995 2392 1110 2418; x_wconf 75' lang='lat' dir='ltr'>firmavit</span> <span class='ocrx_word' id='word_1_469' title='bbox 1137 2392 1331 2419; x_wconf 85' lang='lat' dir='ltr'>constitutione</span> <span class='ocrx_word' id='word_1_470' title='bbox 1364 2400 1431 2427; x_wconf 84' lang='lat' dir='ltr'>quae</span> <span class='ocrx_word' id='word_1_471' title='bbox 1452 2391 1560 2426; x_wconf 86' lang='lat' dir='ltr'>incipit:</span> <span class='ocrx_word' id='word_1_472' title='bbox 1591 2391 1737 2418; x_wconf 76' lang='lat' dir='ltr'>Romanus</span> 
     </span>
     <span class='ocr_line' id='line_1_90' title="bbox 994 2436 1142 2470; baseline -0.007 -7"><span class='ocrx_word' id='word_1_473' title='bbox 994 2436 1142 2470; x_wconf 72' lang='lat' dir='ltr'>Pontifex.</span> 
     </span>
    </p>

    <p class='ocr_par' dir='ltr' id='par_1_25' title="bbox 992 2478 1737 2650">
     <span class='ocr_line' id='line_1_91' title="bbox 1028 2478 1736 2516; baseline -0.001 -10"><span class='ocrx_word' id='word_1_474' title='bbox 1028 2481 1045 2506; x_wconf 80' lang='lat'><strong>2</strong></span> <span class='ocrx_word' id='word_1_475' title='bbox 1064 2480 1190 2507; x_wconf 86' lang='lat' dir='ltr'>Instituta</span> <span class='ocrx_word' id='word_1_476' title='bbox 1210 2480 1259 2507; x_wconf 87' lang='lat' dir='ltr'>suit</span> <span class='ocrx_word' id='word_1_477' title='bbox 1285 2480 1311 2506; x_wconf 87' lang='lat' dir='ltr'>iu</span> <span class='ocrx_word' id='word_1_478' title='bbox 1332 2480 1469 2516; x_wconf 78' lang='lat' dir='ltr'>Hispaniis</span> <span class='ocrx_word' id='word_1_479' title='bbox 1489 2480 1539 2506; x_wconf 86' lang='lat' dir='ltr'>ista</span> <span class='ocrx_word' id='word_1_480' title='bbox 1559 2478 1736 2514; x_wconf 82' lang='lat' dir='ltr'>Congregatio</span> 
     </span>
     <span class='ocr_line' id='line_1_92' title="bbox 993 2522 1737 2559; baseline -0.003 -8"><span class='ocrx_word' id='word_1_481' title='bbox 993 2524 1025 2551; x_wconf 83' lang='lat' dir='ltr'>ad</span> <span class='ocrx_word' id='word_1_482' title='bbox 1042 2524 1162 2559; x_wconf 79' lang='lat' dir='ltr'>regimen</span> <span class='ocrx_word' id='word_1_483' title='bbox 1178 2523 1350 2559; x_wconf 86' lang='lat' dir='ltr'>hospitalium</span> <span class='ocrx_word' id='word_1_484' title='bbox 1366 2532 1414 2559; x_wconf 90' lang='lat' dir='ltr'>pro</span> <span class='ocrx_word' id='word_1_485' title='bbox 1428 2523 1555 2551; x_wconf 82' lang='lat' dir='ltr'>curandis</span> <span class='ocrx_word' id='word_1_486' title='bbox 1570 2522 1737 2558; x_wconf 83' lang='lat' dir='ltr'>pauperibus</span> 
     </span>
     <span class='ocr_line' id='line_1_93' title="bbox 992 2567 1735 2603; baseline -0.001 -9"><span class='ocrx_word' id='word_1_487' title='bbox 992 2568 1116 2603; x_wconf 83' lang='lat' dir='ltr'>infirmis,</span> <span class='ocrx_word' id='word_1_488' title='bbox 1127 2572 1155 2595; x_wconf 81' lang='lat' dir='ltr'>ut</span> <span class='ocrx_word' id='word_1_489' title='bbox 1171 2568 1321 2595; x_wconf 85' lang='lat' dir='ltr'>habeturin</span> <span class='ocrx_word' id='word_1_490' title='bbox 1332 2568 1440 2596; x_wconf 84' lang='lat' dir='ltr'>constit.</span> <span class='ocrx_word' id='word_1_491' title='bbox 1451 2573 1528 2595; x_wconf 81' lang='lat' dir='ltr'>cxetv</span> <span class='ocrx_word' id='word_1_492' title='bbox 1544 2567 1583 2594; x_wconf 85' lang='lat' dir='ltr'>Pii</span> <span class='ocrx_word' id='word_1_493' title='bbox 1598 2567 1628 2594; x_wconf 91' lang='lat' dir='ltr'>V:</span> <span class='ocrx_word' id='word_1_494' title='bbox 1647 2567 1735 2600; x_wconf 74' lang='lat' dir='ltr'>Licet,</span> 
     </span>
     <span class='ocr_line' id='line_1_94' title="bbox 994 2613 1292 2650; baseline 0 -10"><span class='ocrx_word' id='word_1_495' title='bbox 994 2617 1057 2640; x_wconf 85' lang='lat' dir='ltr'>tom.</span> <span class='ocrx_word' id='word_1_496' title='bbox 1079 2619 1127 2647; x_wconf 82' lang='lat' dir='ltr'>vu,</span> <span class='ocrx_word' id='word_1_497' title='bbox 1148 2621 1208 2650; x_wconf 77' lang='lat' dir='ltr'>pag.</span> <span class='ocrx_word' id='word_1_498' title='bbox 1230 2613 1292 2640; x_wconf 76' lang='lat'>959.</span> 
     </span>
    </p>
   </div>
   <div class='ocr_carea' id='block_1_20' title="bbox 1642 207 1936 245">
    <p class='ocr_par' dir='ltr' id='par_1_26' title="bbox 1642 207 1936 245">
     <span class='ocr_line' id='line_1_95' title="bbox 1642 207 1936 245; baseline 0.017 -5"><span class='ocrx_word' id='word_1_499' title='bbox 1642 207 1705 241; x_wconf 69' lang='lat'>295</span> <span class='ocrx_word' id='word_1_500' title='bbox 1753 217 1801 243; x_wconf 68' lang='lat' dir='ltr'>An.</span> <span class='ocrx_word' id='word_1_501' title='bbox 1821 216 1848 242; x_wconf 75' lang='lat' dir='ltr'>c,</span> <span class='ocrx_word' id='word_1_502' title='bbox 1869 217 1936 245; x_wconf 65' lang='lat' dir='ltr'>159ss</span> 
     </span>
    </p>
   </div>
   <div class='ocr_carea' id='block_1_21' title="bbox 1749 755 1934 913">
    <p class='ocr_par' dir='ltr' id='par_1_27' title="bbox 1749 755 1934 913">
     <span class='ocr_line' id='line_1_96' title="bbox 1788 755 1933 775; baseline 0 0"><span class='ocrx_word' id='word_1_503' title='bbox 1788 755 1856 775; x_wconf 79' lang='lat' dir='ltr'>Iussio</span> <span class='ocrx_word' id='word_1_504' title='bbox 1879 755 1933 775; x_wconf 81' lang='lat' dir='ltr'>hane</span> 
     </span>
     <span class='ocr_line' id='line_1_97' title="bbox 1749 781 1934 805; baseline 0 -4"><span class='ocrx_word' id='word_1_505' title='bbox 1749 781 1826 802; x_wconf 82' lang='lat' dir='ltr'>bullam</span> <span class='ocrx_word' id='word_1_506' title='bbox 1850 782 1934 805; x_wconf 56' lang='lat' dir='ltr'>legendi</span> 
     </span>
     <span class='ocr_line' id='line_1_98' title="bbox 1829 808 1934 828; baseline 0.01 -1"><span class='ocrx_word' id='word_1_507' title='bbox 1829 808 1905 828; x_wconf 45' lang='lat' dir='ltr'>utilibet</span> <span class='ocrx_word' id='word_1_508' title='bbox 1914 808 1934 828; x_wconf 86' lang='lat' dir='ltr'>in</span> 
     </span>
     <span class='ocr_line' id='line_1_99' title="bbox 1749 835 1933 860; baseline 0.005 -6"><span class='ocrx_word' id='word_1_509' title='bbox 1749 835 1820 859; x_wconf 79' lang='lat' dir='ltr'>capitu</span> <span class='ocrx_word' id='word_1_510' title='bbox 1832 840 1842 854; x_wconf 81' lang='lat' dir='ltr'>o</span> <span class='ocrx_word' id='word_1_511' title='bbox 1871 840 1933 860; x_wconf 70' lang='lat' dir='ltr'>gene-</span> 
     </span>
     <span class='ocr_line' id='line_1_100' title="bbox 1749 861 1933 881; baseline 0 0"><span class='ocrx_word' id='word_1_512' title='bbox 1749 861 1787 881; x_wconf 83' lang='lat' dir='ltr'>r&#39;ati</span> <span class='ocrx_word' id='word_1_513' title='bbox 1800 862 1869 880; x_wconf 56' lang='lat' dir='ltr'>{urtam</span> <span class='ocrx_word' id='word_1_514' title='bbox 1881 861 1933 881; x_wconf 82' lang='lat' dir='ltr'>Con-</span> 
     </span>
     <span class='ocr_line' id='line_1_101' title="bbox 1749 884 1885 913; baseline 0 -6"><span class='ocrx_word' id='word_1_515' title='bbox 1749 884 1885 913; x_wconf 63' lang='lat' dir='ltr'>gregatiousz.</span> 
     </span>
    </p>
   </div>
   <div class='ocr_carea' id='block_1_22' title="bbox 1749 813 1803 828">
    <p class='ocr_par' dir='ltr' id='par_1_28' title="bbox 1749 813 1803 828">
     <span class='ocr_line' id='line_1_102' title="bbox 1749 813 1803 828; baseline -0.019 0"><span class='ocrx_word' id='word_1_516' title='bbox 1749 813 1803 828; x_wconf 66' lang='lat' dir='ltr'>anno</span> 
     </span>
    </p>
   </div>
  </div>
 </body>
</html>
