2253 3195
281 262 333 291 An.
354 264 383 292 c.
401 264 469 293 ¹602
515 255 578 290 8422

482 315 607 348 ratione
630 314 869 358 praedictarum
891 306 1123 358 primitiarum*⁷
1145 325 1227 359 quae

483 379 556 402 cum
587 368 650 401 illis
670 368 856 412 quindecim
886 368 999 410 libris,
1027 379 1106 413 quas
1134 374 1227 402 antea

482 422 635 462 solvebat,
647 433 735 455 nunc
754 423 856 456 solvet
876 423 1091 466 quadraginta
1114 423 1223 464 libras,

482 485 561 518 quas
586 475 752 519 praedicta
783 475 974 509 universitas
1004 487 1038 510 se
1073 476 1226 519 obligavit

482 527 514 560 in
534 534 728 572 perpetuum
751 529 829 562 dare
849 529 1023 573 quotannis
1044 530 1153 563 futuro
1174 540 1226 563 re-

482 581 574 622 ctori,
594 582 810 616 instrumento
828 588 960 626 recepto
977 593 1037 626 per
1056 583 1227 617 Gundisal-

481 646 557 668 vum
575 636 755 670 Ferrandez
772 636 948 677 notarium,
965 636 1066 670 Villae
1088 637 1127 670 de
1147 637 1226 670 Elda

482 689 710 729 habitatorem,
727 695 757 723 et
777 691 865 733 quod
882 697 1053 723 sumantur
1066 696 1097 723 et
1116 690 1223 734 appli-

483 748 597 776 centur
617 743 723 777 eidem
752 744 871 777 rectori
903 745 1047 788 quinque
1067 744 1169 778 librae
1190 756 1227 778 ex

482 796 662 838 reditibus,
693 797 749 841 qui
770 797 848 830 olim
874 798 1006 831 suerunt
1035 798 1223 842 mesquitae,

482 908 605 947 septem
626 903 819 945 solidorum,
843 909 875 937 et
895 905 1047 938 undecim
1070 905 1223 938 denario-

482 967 554 990 rum
580 957 754 1001 quotannis
778 958 965 991 ascendunt.
997 958 1084 998 Quae
1105 959 1227 992 dotatio

481 1011 617 1044 rectoris
643 1017 773 1044 centum
803 1012 963 1045 librarum
995 1023 1069 1046 cum
1103 1013 1228 1046 emolu-

483 1064 601 1097 mentis
625 1075 662 1098 ex
693 1065 775 1109 pede
803 1065 912 1099 altaris
947 1066 1223 1110 provenientibus,

482 1128 565 1161 quae
586 1118 626 1151 ad
647 1118 758 1161 viginti
779 1119 935 1152 librarum
954 1119 1097 1153 valorem
1118 1131 1227 1154 ascen-

483 1171 575 1212 dunt,
598 1171 761 1205 sufficiens
775 1172 844 1206 erit.
859 1172 1012 1206 Sacristia
1033 1184 1106 1207 vero
1125 1179 1155 1207 et
1171 1174 1227 1206 ab·

481 1225 568 1258 batia
588 1236 647 1269 pro
660 1226 795 1260 rectoris
807 1226 1007 1260 habitatione
1022 1233 1227 1261 construatur

482 1278 568 1312 iuxta
589 1280 727 1313 sormam
759 1279 970 1322 designatam.
998 1280 1130 1314 Reditus
1149 1292 1225 1315 vero

482 1337 514 1365 et
537 1333 605 1375 agri
631 1333 707 1366 olim
729 1334 908 1377 mesquitae
937 1334 1092 1368 ecclesiae
1121 1335 1226 1378 appli-

482 1391 606 1426 centur,
627 1391 658 1419 et
678 1386 829 1430 applicati
851 1393 1024 1428 maneant,
1049 1393 1077 1421 et
1099 1398 1157 1432 per
1174 1398 1225 1421 re-

481 1444 604 1472 ctorem
630 1445 660 1473 et
680 1450 888 1474 oeconomum
910 1441 1065 1474 ecclesiae
1086 1441 1225 1474 admini-

480 1497 632 1526 strentur.

523 1546 589 1589 Ego
607 1546 788 1581 licentiatus
808 1547 988 1581 Felicianus
1006 1548 1045 1581 de
1066 1548 1226 1589 Ficum-oa

479 1606 673 1643 praecentor
702 1606 732 1634 et
760 1601 935 1635 canonicus
964 1602 1124 1636 Ecclesiae
1159 1614 1226 1637 me-

481 1654 695 1698 tropolitanae
716 1655 904 1689 Valentinae
927 1666 945 1689 a
965 1657 1000 1690 D.
1029 1651 1179 1701 Philippo
1200 1658 1224 1691 ll

480 1708 640 1742 catholieo
653 1708 881 1753 Hispaniarum
896 1720 971 1752 rege
991 1710 1144 1751 religioso
1157 1711 1225 1745 zelo

480 1761 614 1802 directo,
634 1762 729 1795 simul
752 1773 824 1795 cum
846 1763 965 1796 loannc.
984 1763 1127 1808 Baptista
1147 1764 1224 1797 For-

480 1825 538 1847 ner
551 1815 708 1848 canonico
731 1814 890 1848 Oriolensi
910 1816 1037 1849 officiali
1059 1821 1090 1850 et
1106 1816 1225 1850 vicario

480 1868 640 1909 generali,
668 1879 685 1902 a
706 1869 840 1902 Rev.mo
862 1870 895 1903 D.
927 1870 962 1903 D.
992 1870 1128 1914 losepho
1155 1870 1225 1905 Ste-

481 1922 611 1966 phano,
634 1922 688 1956 Dei
716 1928 745 1956 ct
778 1923 981 1967 Apostolicae
1008 1923 1098 1958 Sedis
1123 1925 1225 1967 gratia

481 1974 634 2019 episcopo
654 1975 813 2009 Oriolensi
847 1987 972 2009 mecum
995 1977 1162 2021 deputato,
1184 1978 1227 2011 le-

480 2028 594 2071 gitima
611 2029 841 2073 procuratione
861 2036 891 2063 et
911 2031 1063 2065 mandato
1084 2031 1243 2069 suffulto,i

481 2082 520 2115 ad
536 2082 765 2126 inquirendum
780 2088 811 2115 et
831 2084 1129 2125 recognoscendum
1147 2095 1227 2128 quo-

481 2136 578 2169 modo
593 2136 661 2176 [ieri
676 2141 839 2180 oporteret
854 2136 884 2169 in
906 2136 1066 2180 praesenti
1087 2136 1225 2171 dioecesi

481 2189 638 2223 Oriolensi
658 2189 688 2222 in
716 2189 844 2233 oppidis
869 2190 1078 2223 Moriscorum
1101 2190 1227 2224 noviter

481 2253 499 2275 a
513 2242 740 2276 mahometana
762 2249 848 2277 secta
862 2243 901 2276 ad
920 2243 1111 2277 catholicam
1128 2244 1225 2277 [idem

481 2307 730 2334 ‹·onversorurn,
749 2307 807 2340 pro
823 2297 951 2329 illorum
974 2297 1004 2330 in
1027 2297 1139 2330 eadem
1164 2298 1226 2331 tide

481 2350 697 2383 commodiori
718 2350 942 2389 instructione,
959 2351 1227 2390 01·o‹·1ionos,‹tis-

483 2403 747 2444 memlwatioucs,
758 2403 950 2443 dotationes,
961 2403 1150 2447 «loliumque
1164 2404 1224 2437 iam
1242 2422 1244 2453 ξ

483 2456 637 2488 factarum
667 2456 876 2490 adau‹·ti0nes
901 2457 1109 2490 ecclesiarum
1132 2467 1226 2501 paro-

483 2509 659 2548 chialium,
681 2521 762 2554 quas
783 2511 851 2543 lieri
877 2511 1058 2555 oportebat,
1084 2511 1244 2559 illarum-0

483 2574 544 2606 que
566 2564 685 2596 {ornias
706 2564 940 2604 designandum
959 2592 966 2604 ,
988 2571 1015 2597 ct
1040 2565 1068 2598 iu
1101 2562 1244 2609 scriptisl

484 2615 718 2655 redigendum,
743 2618 851 2650 munia
881 2618 1001 2662 oppida
1034 2618 1223 2651 corumdem

1236 1632 1243 1652 Ὗ

483 2669 608 2702 noviter
628 2680 857 2703 conversorum
873 2672 1036 2714 praefatae
1055 2671 1221 2708 dioecesis,
1241 2706 1243 2709 ,

1066 266 1252 291 BULLARIUM
1271 266 1426 291 ROMANUM

1262 325 1345 358 quae
1365 320 1439 348 sunt
1458 324 1595 348 numero
1615 315 1778 357 undecim,
1800 321 1931 360 praeter
1950 317 1999 350 ci-

1261 367 1391 401 vitatem
1419 367 1618 402 Oriolensem
1634 396 1641 409 ‚
1661 368 1810 402 videlicet
1833 370 1998 411 Rodovan‚
2044 384 2049 389 ¹

1261 421 1346 462 Coix,
1366 422 1397 454 la
1416 421 1544 465 Granja,
1568 422 1730 463 Albatera,
1751 422 1926 464 Clavillent,
1944 423 2002 457 Su-

1260 473 1414 507 burbium
1434 475 1563 516 Elchae,
1580 476 1674 519 Aspe,
1695 475 1847 516 Novelda,
1871 476 2003 509 Monno-

1259 538 1326 569 ver,
1346 529 1426 562 Elda
1445 535 1477 562 et
1495 530 1600 563 Petrel
1613 557 1620 570 ‚
1645 529 1741 562 simul
1762 540 1835 563 cum
1856 530 2002 573 praefato

1260 582 1389 615 officiali
1410 588 1442 616 et
1460 583 1582 617 vicario
1611 583 1754 626 generali
1774 583 1933 617 Oriolensi
1953 583 2003 617 di-

1260 636 1398 679 ligenter
1416 637 1594 680 peragravi,
1619 642 1650 670 et
1667 637 1699 670 in
1717 637 1841 670 eisdem
1861 637 2000 681 oppidis,

1261 690 1342 723 sacta
1355 689 1444 734 prius
1457 690 1603 733 diligenti
1615 690 1734 723 valoris
1748 690 1924 731 fruetuum,
1937 695 2002 723 tam

1260 743 1483 787 primitialium
1503 754 1602 788 quam
1629 743 1857 784 decimalium,
1882 743 2004 777 discus-

1243 796 1350 830 sione
1368 802 1399 830 et
1419 797 1667 838 examinatione,
1691 807 1728 830 ac
1748 797 1844 830 etiam
1864 797 2004 841 liquida-

483 849 538 894 qui
555 850 595 883 ad
604 851 747 884 valorem
765 851 878 893 viginti
896 845 1040 895 quinque
1053 851 1223 895 librarum,
1242 857 1245 866 ·

1262 849 1348 883 tione
1366 855 1397 883 et
1423 855 1577 893 computa
1596 850 1726 883 illarum
1746 850 1901 894 partium,
1925 860 2004 894 quas

1261 902 1483 946 unusquisque
1513 903 1674 947 praefatos
1700 903 1824 936 fruetus
1843 902 2005 947 recipien-

1262 957 1340 990 tium
1372 967 1432 1001 pro
1463 963 1532 990 rata
1556 957 1763 991 contribuere
1794 958 1950 998 deberet,
1971 957 2004 990 in

1261 1010 1346 1044 dicta
1382 1010 1563 1051 dotatione,
1595 1011 1796 1055 caeterisque
1833 1011 1930 1045 rebus
1964 1011 2005 1044 ad

1242 1063 1500 1099 timmunitatem
1530 1065 1720 1098 earumdem
1745 1064 2002 1109 parochialium,

1261 1123 1292 1150 et
1327 1118 1508 1152 animarum
1542 1129 1652 1152 curam
1682 1118 1809 1152 noviter
1838 1118 1878 1151 ad
1906 1117 2004 1151 fidem

1259 1182 1490 1205 conversorum
1531 1172 1790 1216 pertinentibus,
1829 1179 1938 1206 exacte
1975 1177 2006 1206 et

1261 1229 1386 1258 mature
1408 1224 1587 1268 perpensis,
1613 1231 1711 1269 prout
1752 1225 1785 1258 in
1806 1235 2005 1270 unoquoque

1260 1277 1381 1322 oppido
1402 1277 1564 1311 videbitur
1587 1277 1805 1312 necessarium
1828 1285 1858 1312 et
1879 1289 2002 1323 oppor-

1260 1337 1387 1369 tunum,
1404 1331 1566 1375 praefatas
1579 1332 1770 1374 erectiones,
1791 1332 2004 1366 dismembra-

1261 1385 1374 1426 tiones,
1399 1385 1590 1430 dotiumque
1617 1386 1836 1427 adunationes,
1860 1386 2002 1430 liquida-

1262 1438 1374 1480 tiones‚
1399 1444 1551 1482 computa
1572 1443 1603 1472 et
1616 1438 1847 1483 applicationes
1866 1444 2005 1484 prorata

1260 1491 1424 1534 designavi
1459 1497 1490 1524 et
1519 1491 1704 1536 specialiter
1732 1492 1871 1535 digessi,
1899 1502 1936 1526 ac
1970 1492 2005 1526 in

1259 1544 1386 1589 scriptis
1405 1544 1527 1589 [redegi
1545 1572 1553 1585 ,
1588 1550 1714 1579 servata
1739 1545 1844 1579 forma
1869 1545 2002 1580 alterius

1260 1598 1434 1632 dotationis
1446 1598 1682 1642 parochialium
1696 1598 1850 1632 similium
1863 1598 1896 1632 in
1910 1599 2003 1633 dioe-

1259 1652 1321 1686 cesi
1340 1652 1507 1686 Valentina
1524 1662 1583 1696 por
1595 1652 1630 1686 D.
1654 1652 1807 1686 loannem
1829 1652 1868 1686 de
1888 1651 2006 1687 Ribera

1259 1706 1539 1751 archiepiscopum
1554 1706 1826 1747 valentinensem,
1838 1717 1890 1741 me
1904 1707 2004 1741 etiam

1261 1761 1419 1801 ministro,
1434 1761 1497 1794 iam
1520 1761 1633 1801 sactae,
1655 1766 1686 1794 et
1705 1771 1763 1805 per
1782 1760 1933 1795 Sanctam
1947 1760 2003 1795 Se-

1260 1815 1332 1848 dem
1343 1814 1559 1859 Apostolicam
1568 1814 1789 1856 confirmatae,
1802 1815 2006 1860 sicetquem-
2033 1842 2035 1848 ,

1260 1868 1436 1902 admodum
1459 1868 1490 1901 in
1511 1868 1674 1913 praesenti
1688 1868 1784 1910 libro,
1808 1869 2006 1913 praeceden-

1260 1922 1345 1956 tibus
1361 1921 1521 1955 sexdecim
1534 1921 1663 1962 ehartis‚
1681 1921 1897 1963 continentur,
1915 1927 1948 1955 ut
1964 1922 2005 1956 ad

1259 1965 1409 2009 Sanctam
1421 1974 1536 2008 Sedem
1550 1974 1767 2018 Apostolicam
1785 1975 2004 2023 transmittan-

1261 2033 1322 2068 tur,
1349 2032 1381 2060 et
1401 2033 1435 2060 ut
1459 2027 1499 2061 de
1524 2027 1710 2071 praemissis
1729 2027 1771 2061 sit
1797 2033 1886 2062 certa
1910 2028 2001 2069 fides,

1261 2079 1311 2113 hic
1330 2091 1381 2114 me
1402 2080 1534 2124 propria
1556 2091 1652 2114 manu
1666 2081 1855 2125 subscripsi,
1879 2091 2004 2115 meum-

1261 2144 1323 2178 que
1344 2133 1487 2175 sigillum
1509 2133 1628 2178 apponi
1647 2134 1717 2167 feci.

1305 2188 1499 2222 {licentiatus
1512 2188 1692 2222 Felicianus
1709 2188 1748 2221 de
1761 2187 1930 2231 rigueroa,
1950 2198 2004 2222 ca-

1261 2242 1396 2275 nonicus
1417 2247 1448 2275 ct
1472 2247 1665 2286 praecentor
1696 2241 1870 2286 praefatus,
1894 2247 1925 2275 et
1944 2251 2004 2285 ego

1261 2296 1395 2329 lacobus
1428 2295 1545 2328 Paulus
1581 2295 1741 2336 Pullares,
1775 2294 1942 2339 presbyter
1973 2293 2006 2328 in

1260 2350 1335 2383 seule
1347 2349 1510 2382 valentiae
1523 2348 1745 2386 lwncticiatus,
1754 2348 1931 2392 apostolica
1942 2358 2002 2382 au-

1261 2403 1406 2437 ctoritate
1439 2402 1584 2436 notarius
1616 2402 1784 2446 publicus,
1819 2401 2005 2446 praemissis

1261 2456 1422 2495 omuibus,
1439 2467 1502 2489 una
1521 2467 1593 2489 cum
1613 2455 1705 2489 (lictis
1720 2456 1752 2489 D.
1770 2454 1934 2489 licentiato
1948 2455 2005 2489 Fe-

1261 2510 1379 2543 li‹·ian0
1398 2510 1437 2543 de
1451 2510 1610 2551 Figucroa
1624 2514 1833 2553 praecentore
1854 2514 1885 2542 et
1901 2518 2001 2542 cano-

1261 2564 1333 2597 nico
1363 2562 1603 2602 valentinensi,
1638 2568 1669 2596 et
1695 2563 1833 2596 loannae
1865 2561 2004 2606 Baptista

1242 2628 1243 2638 ¹
1261 2618 1384 2651 For-ner
1401 2616 1530 2650 officiali
1549 2621 1576 2649 et
1605 2615 1724 2650 vicario
1745 2615 1886 2657 generali
1904 2614 2000 2649 Orio-

1261 2670 1350 2707 leusi,
1382 2669 1534 2710 intertui,
1569 2669 1762 2713 publicaque
1791 2668 2004 2714 instrumenta

2017 267 2067 296 An.
2087 268 2115 296 C.
2130 270 2206 319 1st
