2253 3195
22 159 68 185 λη
88 159 116 184 C.
138 157 203 185 ¹593

46 1065 76 1087 De
93 1067 202 1091 magistra<

19 1104 74 1152 :ii-bns
94 1104 202 1125 incensan-

35 1137 58 1152 is.

835 161 982 185 CLEMENS
1002 162 1059 185 vul
1080 162 1130 186 Pr.

219 219 327 242 rorum
349 209 438 248 ducis
459 216 489 243 et
509 210 644 243 dominii
671 210 864 243 Venetorum
887 220 963 242 con-

218 263 416 302 sistentium,
453 264 511 307 ipsi
542 264 721 308 Capitulum
755 269 785 297 et
817 264 962 297 canonici

219 317 401 358 praedictae
422 317 575 351 ccclesiae
596 317 786 350 Veronensis
812 318 961 350 eumdem

219 370 429 412 Augustinum
453 371 660 409 cardinalem,
685 370 840 414 quamdiu
862 371 962 402 eccle—

218 423 282 457 siae
311 424 486 457 Veronensi
507 424 658 467 praeerit,
683 434 785 467 eoque
817 424 958 461 absente,

218 478 431 511 venerabilem
451 479 579 510 fratrem
594 478 757 510 Albertmn
773 477 959 520 episcopum

218 532 485 573 Famagustanum
510 530 568 574 ipsi
597 531 774 573 Augustino
806 530 960 563 cardinali

218 584 249 617 in
272 583 427 626 regimine
446 590 475 617 et
489 583 766 616 administratione
780 583 961 627 praedictae

218 637 371 671 ecclesiae
393 631 583 670 veronensis
604 637 824 670 coadiutorem
846 643 958 670 aucto-

217 691 310 724 ritate
328 690 502 735 apostolica
516 691 715 734 deputatum,
733 696 761 723 et
774 701 962 734 quemcum-

218 757 280 791 que
301 756 414 779 eorum
432 756 649 778 successorem
665 736 851 789 episcopum
865 745 962 778 Vero-

218 810 349 833 nensem
371 810 429 843 pro
453 805 596 843 tempore
617 798 816 837 existentem,
841 809 877 831 ex
898 797 962 831 suis

217 852 350 886 aedibus
364 853 403 886 ad
424 853 589 886 ecclesiam
610 852 766 885 maiorem
784 851 896 884 diebus
913 862 962 884 so-

218 905 378 939 lemnibus
392 907 439 949 (ut
460 905 558 939 moris
579 904 637 948 est)
659 905 888 949 procedentem
911 915 963 937 co-

219 959 374 999 mitando,
399 960 549 992 eumdem
567 959 755 1003 episcopum
778 958 962 992 immediate

218 1013 412 1057 praecedere
442 1018 626 1050 teneantur;
655 1012 858 1055 magistratus
889 1022 963 1044 vero

218 1069 398 1102 saeculares
410 1068 596 1112 episcopum
610 1072 796 1111 sequantur.
807 1066 875 1106 Quo
889 1077 963 1099 vero

218 1124 258 1157 ad
279 1123 482 1166 magistratus
511 1123 605 1156 etiam
627 1123 818 1162 saeculares,
843 1122 896 1165 qui
917 1121 963 1154 vi-

218 1177 322 1210 carius
340 1177 455 1209 domus
473 1182 688 1209 mercatorum
708 1186 743 1208 ac
757 1174 899 1218 deputati
921 1174 965 1207 ci-

217 1230 321 1263 vitatis
342 1229 502 1270 dicuntur,
526 1229 620 1263 thure
641 1229 705 1262 sive
728 1228 860 1261 incenso
882 1228 964 1261 inter

218 1283 389 1317 missarum
411 1289 442 1316 et
455 1283 593 1316 aliorum
608 1282 791 1315 divinorum
807 1281 964 1315 solemnia

197 1366 202 1370 .
217 1337 436 1377 honorandos,
454 1342 542 1370 motu
556 1336 652 1369 simili
666 1336 834 1370 statuimus
848 1336 879 1369 id
894 1347 963 1369 mu—

49 1721 157 1742 clausulae
167 1726 205 1747 pro

21 1749 123 1775 perpetua
143 1748 205 1768 tirmi-

21 1776 65 1795 tate
79 1774 142 1795 huius
157 1780 203 1795 con-

22 1801 139 1822 stitutionis.

37 2299 39 2301 *
55 2305 135 2328 Num-io
157 2312 207 2333 apo-

25 2332 98 2354 stolico
121 2333 207 2354 deman-

0 2369 2 2373 ν
26 2358 74 2380 data
88 2360 208 2387 exequutio.

217 1402 277 1425 nus
296 1401 362 1424 non
383 1390 422 1423 ab
436 1390 511 1434 ipsis
530 1389 693 1423 canonicis
706 1400 782 1432 erga
802 1390 963 1434 praefatos

218 1445 423 1488 magistratus
443 1445 553 1489 peragi
577 1445 709 1485 debere,
733 1445 788 1478 sed
817 1445 886 1477 aliis
910 1444 959 1477 in-

218 1498 344 1532 ferioris
364 1497 485 1531 ordinis
515 1497 639 1531 clericis
665 1497 883 1537 beneficiatis,
908 1497 962 1541 qui

220 1551 427 1585 mansionarii
442 1551 603 1590 dicuntur,
620 1551 685 1584 sive
699 1551 895 1595 cappellanis
910 1552 963 1584 de-

220 1606 452 1639 mandandum,

264 1659 326 1703 53.
350 1660 562 1693 Deeernentes
583 1659 627 1692 sic
650 1659 681 1691 in
702 1659 887 1703 praemissis
906 1670 965 1703 per

221 1724 442 1758 quoscumque
472 1712 594 1746 iudices
614 1712 795 1746 ordinarios
815 1719 845 1746 et
871 1713 961 1746 dele-

220 1772 330 1809 gatos,
352 1766 447 1800 etiam
469 1777 638 1800 causarum
665 1766 774 1810 palatii
796 1765 964 1810 apostolici

221 1819 384 1853 auditores
401 1825 431 1852 et
451 1819 480 1853 S.
505 1820 540 1853 R.
565 1820 598 1853 E.
623 1819 816 1860 cardinales,
840 1819 965 1853 sublata

221 1873 266 1907 eis
284 1879 314 1907 et
334 1884 446 1907 eorum
468 1873 599 1906 cuilibet
619 1873 730 1917 quavis
761 1873 854 1906 aliter
880 1873 964 1906 iudi-

221 1927 314 1961 candi
336 1932 366 1960 et
384 1927 615 1971 interpretandi
630 1927 790 1967 facultate,
805 1927 835 1959 in
855 1927 965 1970 quavis

222 1992 316 2015 causa
337 1987 368 2015 et
385 1981 546 2021 instantia,
567 1981 702 2015 iudicari
716 1979 887 2014 etdiffiniri
910 1982 965 2014 de-

221 2035 309 2075 bere,
333 2045 392 2067 nec
412 2045 476 2068 non
497 2034 622 2068 irritum
656 2040 687 2068 et
714 2034 809 2068 inane
829 2035 854 2068 si
875 2046 965 2068 secus

221 2093 319 2132 super
346 2087 395 2121 his
427 2099 444 2120 a
473 2099 647 2132 quoquam,
678 2088 788 2132 quavis
820 2089 963 2122 auctori-

221 2147 296 2182 tate‚
311 2141 448 2175 scienter
460 2142 508 2174 vel
522 2141 719 2184 ignoranter,
737 2142 907 2184 contigerit
919 2148 965 2175 at-

222 2196 350 2229 tentari.

267 2251 282 2294 ᾗ
301 2249 332 2282 4.
356 2249 513 2290 Quocirca
534 2250 650 2283 dilecto
671 2250 737 2283 filio
758 2251 916 2284 moderno
930 2251 967 2283 'et

222 2314 281 2348 pro
295 2309 441 2348 tempore
458 2303 602 2337 existenti
617 2309 726 2337 nostro
739 2309 770 2337 et
782 2303 872 2337 Sedis
883 2304 967 2347 Apo-

223 2358 352 2391 stolicae
373 2358 458 2402 apud
479 2358 580 2391 dictos
601 2358 715 2391 ducem
736 2363 766 2391 et
786 2357 966 2391 dominium

224 2412 417 2445 Venetorum
437 2411 549 2445 nuntio
570 2422 628 2456 per
654 2412 829 2456 apostolica
849 2411 967 2455 scripta

225 2465 416 2499 mandamus
435 2471 470 2499 ut
489 2477 547 2510 per
566 2477 599 2499 se
618 2466 665 2498 vel
685 2465 783 2498 alium
803 2476 859 2499 scu
873 2465 963 2507 alios,

225 2518 280 2552 uhi
301 2523 331 2551 et
351 2519 480 2563 quando
494 2530 574 2564 opus
596 2519 701 2560 suerit,
719 2524 749 2552 et
768 2518 894 2563 quoties
907 2529 966 2563 pro

226 2577 316 2616 parte
336 2582 461 2613 eorum,
482 2583 621 2616 quorum
635 2571 790 2613 intererit,
805 2571 899 2606 suerit
919 2576 985 2605 rc-'

1669 150 1707 184 91

998 209 1143 253 quisituS‚
1164 215 1348 253 praesentes
1369 209 1489 242 litteras
1510 215 1540 242 ct
1558 209 1588 242 in
1604 208 1648 241 cis
1665 219 1740 242 con-

998 268 1083 296 tenta
1103 274 1326 307 quaecumque
1351 263 1538 296 solemniter
1559 262 1736 307 publicans,

996 316 1086 349 saciat
1110 317 1163 349 illa
1183 327 1241 360 per
1261 327 1325 355 eos,
1349 327 1430 360 quos
1450 322 1660 355 concernunt,
1685 315 1739 348 fir-

997 369 1090 402 miter
1103 375 1131 402 et
1148 370 1374 403 inviolabiliter
1388 369 1570 409 observari3
1587 379 1646 402 nec
1667 379 1740 413 per-

997 422 1098 455 mittat
1112 434 1307 467 quemquam
1323 430 1433 458 contra
1452 423 1578 456 illarum
1595 427 1739 455 tenorem

996 477 1239 519 quomodolibet
1272 477 1446 517 molestari,
1471 475 1654 521 perturbari
1687 480 1738 508 aut

997 529 1182 573 inquietari;
1200 531 1451 564 contradictores
1469 536 1498 563 et
1520 529 1742 563 inobedientes

996 595 1054 627 per
1073 595 1223 617 censuras
1244 589 1272 617 ct
1287 595 1408 627 poenas
1422 583 1652 617 ecclesiasticas
1665 582 1741 615 alia-

996 648 1057 681 que
1078 644 1261 681 opportuna
1282 636 1358 670 iuris
1375 643 1404 670 et
1426 637 1499 670 sacti
1518 636 1672 678 remedia,
1687 646 1742 680 ap-

996 690 1168 734 pellatione
1198 691 1386 735 postposita,
1411 692 1663 735 compescendo,
1688 692 1763 725 in-x

997 750 1107 777 vocato
1124 744 1219 778 etiam
1239 745 1277 777 ad
1300 745 1370 784 hoe,
1386 744 1411 777 si
1430 755 1511 788 opus
1532 745 1636 784 fuerit,
1652 745 1740 778 auxi-

996 797 1039 830 lio
1058 798 1181 831 brachii
1200 798 1382 831 saecularis.

1042 853 1055 895 g
1076 851 1106 885 5.
1130 853 1190 885 Per
1211 852 1290 885 haec
1312 858 1418 885 tamen
1440 852 1589 896 praefatis
1610 853 1742 886 canoni-

1759 160 1805 186 An.
1824 160 1853 187 C.
1874 160 1939 186 1593

1817 865 1943 886 Rogati-aiio

1759 892 1835 912 ini-ium
1850 891 1942 917 Capituli

997 905 1041 938 eis
1061 911 1091 938 et
1116 906 1271 950 Capitulo,
1296 907 1402 950 quoad
1423 906 1500 940 alias
1520 906 1744 950 praeeminen-
1759 919 1830 945 quoad
1845 919 1934 945 renqua.

999 960 1056 993 tias
1071 965 1134 992 tam
1150 965 1296 1004 respectu
1314 961 1532 1004 praefatorum
1547 970 1644 1004 quam
1665 960 1743 993 alio-

998 1024 1068 1046 rum
1091 1024 1373 1058 quorumcumque
1400 1014 1646 1056 magistratuum
1672 1024 1742 1047 sae-

998 1067 1155 1100 cularium
1177 1067 1235 1111 (ita
1255 1073 1289 1100 ut
1309 1067 1339 1100 in
1372 1068 1522 1101 omnibus
1552 1073 1582 1101 et
1610 1067 1744 1110 singulis

998 1121 1121 1154 actibus
1135 1120 1231 1154 iidem
1245 1120 1391 1153 canonici
1405 1126 1433 1153 et
1444 1120 1635 1164 Capitulum,
1648 1126 1745 1164 prout

998 1175 1153 1208 haetenus
1167 1180 1412 1214 consueverunt,
1427 1175 1534 1207 locum
1553 1184 1682 1218 semper
1695 1174 1743 1207 di-

998 1228 1143 1271 gniorem
1158 1228 1323 1271 habeant),
1340 1238 1400 1261 nec
1420 1238 1485 1261 non
1503 1227 1610 1271 quoad
1625 1227 1743 1260 immu—

998 1281 1130 1315 nitatem
1153 1289 1181 1316 et
1212 1282 1449 1326 exemptionem
1481 1292 1498 1314 a
1524 1281 1744 1315 iurisdictione

998 1337 1141 1381 episcopi
1162 1336 1364 1377 Veronensis,
1389 1346 1452 1381 qua
1472 1347 1505 1370 se
1534 1336 1676 1378 gaudere
1696 1346 1744 1369 as-

998 1397 1119 1432 serunt,
1140 1391 1265 1425 nullum
1280 1391 1428 1424 volumus
1442 1388 1677 1434 praeiudicium
1691 1399 1745 1432 ge-

997 1446 1116 1486 nerari,
1140 1445 1220 1478 nihil
1242 1450 1353 1478 contra
1373 1444 1446 1477 novi
1467 1444 1545 1477 iuris
1562 1443 1696 1487 acquiri.

1043 1501 1059 1542 ξ
1081 1499 1110 1532 6.
1132 1499 1312 1539 Caeterum,
1336 1509 1375 1531 ne
1397 1497 1567 1531 occasione
1593 1497 1745 1530 immuni·

998 1553 1080 1593 tatis,
1097 1552 1309 1596 exemptionis
1324 1558 1354 1585 et
1373 1551 1616 1596 privilegiorum
1635 1551 1745 1584 huius-

999 1606 1096 1647 modi,
1121 1617 1202 1650 quae
1224 1606 1263 1639 ab
1282 1606 1326 1639 eis
1346 1606 1612 1650 praetenduntur,
1644 1615 1745 1638 novae

999 1661 1030 1694 in
1059 1661 1126 1694 dies
1157 1660 1365 1694 dissidiorum
1401 1660 1513 1692 turbae
1546 1659 1742 1700 excitentur3

999 1724 1084 1753 cum,
1108 1712 1190 1746 sicut
1210 1711 1404 1756 accepimus²
1421 1710 1567 1744 canonici
1589 1710 1619 1743 in
1641 1710 1745 1744 omni-

998 1768 1058 1800 bus
1080 1772 1142 1800 tam
1164 1766 1383 1810 spiritualibus
1398 1775 1492 1810 quam
1512 1764 1745 1808 temporalibus

999 1832 1032 1854 se
1053 1831 1120 1854 esse
1141 1820 1267 1865 penitus
1288 1825 1454 1864 exemptos
1475 1830 1492 1852 a
1525 1818 1746 1852 iurisdictione

1000 1874 1141 1919 episcopi
1173 1873 1401 1918 praetendant,
1431 1879 1526 1917 atque
1557 1871 1746 1905 auctoritate

1000 1929 1163 1962 ordinaria
1175 1929 1282 1962 dicant
1296 1926 1335 1961 ad
1355 1940 1387 1962 se
1409 1928 1571 1972 pertinere
1591 1927 1622 1960 in
1644 1927 1747 1960 causis

1001 1983 1222 2017 criminalibus
1231 1994 1288 2016 nec
1299 1993 1363 2016 non
1376 1981 1668 2015 matrimonialibus
1677 1992 1748 2024 sen-

1001 2037 1115 2070 tentias
1136 2037 1236 2077 ferre,
1258 2036 1467 2080 licentiasque
1496 2046 1626 2080 quoque
1646 2034 1744 2068 omit-

1001 2090 1087 2123 tendi
1113 2090 1145 2122 in
1167 2089 1367 2122 celebrandis
1388 2089 1602 2123 matrimoniis
1623 2089 1747 2122 denun-

1001 2142 1155 2176 ciationes
1173 2142 1346 2186 impartiri3
1372 2154 1409 2176 ac
1428 2142 1601 2186 prohibere
1625 2141 1749 2185 episco-

1001 2207 1078 2240 pum
1099 2207 1139 2229 ne
1161 2202 1327 2240 tamquam
1348 2196 1438 2230 Sedis
1464 2195 1666 2240 Apostolicae
1695 2195 1749 2228 de-

1002 2251 1124 2293 legatus
1152 2250 1303 2284 ecclesias
1324 2250 1368 2283 eis
1389 2249 1548 2283 subiectas
1577 2249 1692 2289 visitet,
1715 2260 1749 2283 se

1002 2303 1087 2347 ipsos
1107 2303 1259 2347 privative
1281 2303 1387 2347 quoad
1408 2302 1596 2347 episcopum
1621 2302 1749 2336 visitare

1001 2368 1037 2390 ae
1057 2357 1241 2400 corrigere;
1269 2368 1490 2402 quoscumque
1511 2356 1746 2397 christifideles,

1001 2409 1055 2453 qui
1077 2410 1224 2443 confiteri
1245 2410 1344 2443 semel
1365 2409 1397 2443 in
1418 2420 1502 2443 anno
1532 2410 1618 2443 iuxta
1648 2420 1745 2454 prae-

1001 2468 1129 2507 ceptum
1151 2463 1304 2497 ecclesiae
1322 2463 1499 2504 omiserint,
1520 2463 1647 2508 punire,
1665 2463 1748 2497 indi-

1001 2527 1147 2560 gnosque
1162 2517 1377 2551 ecclesiastica
1391 2518 1556 2562 sepultura
1569 2517 1744 2558 declarare,

1002 2584 1038 2604 ac
1057 2572 1081 2604 si
1097 2582 1179 2615 quae
1200 2571 1261 2604 alia
1281 2571 1344 2605 sint
1363 2570 1490 2613 similia,
1506 2581 1588 2615 quae
1608 2571 1649 2605 ad
1669 2582 1743 2604 mu-

1795 1505 1851 1526 Alias
1868 1511 1945 1526 causas

1760 1532 1787 1553 ad
1814 1537 1837 1552 se
1866 1535 1945 1553 avocat

1760 1559 1862 1582 Clemens.
1878 1561 1898 1580 et
1908 1565 1945 1580 au-

1760 1585 1866 1606 ditoribus
1893 1591 1943 1607 eau-

1760 1618 1830 1633 sarum
1868 1613 1944 1639 palatii

1759 1639 1871 1665 apostolici
1891 1645 1945 1660 com-

1760 1666 1830 1687 mittit.
