2253 3195
855 298 953 323 mnnx
977 298 1083 323 acacii
1633 284 1697 321 '905

198 357 343 392 Corsicae
364 357 486 392 insulae
504 358 663 404 episeopis
682 360 852 394 mandatur
870 372 909 394 ne
930 366 1061 394 utantur
1081 371 1180 405 opera
1201 360 1405 404 Regularium
1421 365 1510 394 extra
1531 359 1670 394 claustra
1691 360 1744 394 de-

287 412 442 453 gentium,
466 412 534 446 sine
552 413 681 446 licentia
701 413 791 447 Sedis
817 414 1029 457 Apostolicae,
1051 414 1109 447 731
1136 414 1163 446 b.

198 464 289 497 Costa
305 466 429 499 Caesar.
459 465 491 498 V.
513 467 681 510 Capuanus
702 467 980 511 Archiepiscopus.

959 628 983 660 D

200 732 376 766 Dalmatiae
399 739 428 766 et
446 733 729 776 Iustinopolitanae
750 733 932 777 provinciae
947 734 1166 766 Fratrestertii
1181 733 1307 767 Ordinis
1316 734 1346 767 S.
1367 733 1528 767 Francisci
1544 735 1745 768 tantummdo

298 797 410 820 eorum
429 786 616 830 provinciali
640 786 846 822 obediebant,
871 786 928 819 8⁴31
958 798 988 819 a.
1014 787 1098 829 Papa
1123 797 1177 819 eos
1193 787 1323 819 subiicit
1343 787 1462 820 vicario
1476 793 1506 820 et
1526 787 1743 820 visitatoribus

289 840 494 885 generalibus
515 839 643 873 Ordinis
668 840 852 883 provinciae
875 840 993 879 Italiae,
1019 840 1094 872 ibid.
1119 840 1243 873 Gratias
1263 846 1293 873 et
1323 840 1488 884 privilegia
1515 840 1743 881 communicat,

289 894 370 927 ibid.
395 894 423 926 b.

200 949 282 993 Davy
306 947 458 987 Iacobus,
487 946 637 979 dominus
663 947 816 986 Perroni,
845 947 928 989 regis
957 947 1108 980 Franciae
1138 946 1360 987 consiliarius,
1389 947 1428 980 ad
1457 947 1652 981 Clementem
1683 947 1746 981 VIII

292 1001 407 1034 missus
431 1006 540 1032 orator
563 1000 687 1032 veniam
714 1000 780 1041 regi
802 1000 1001 1039 obtenturus,
1029 999 1093 1032 306
1118 1011 1147 1033 α.

202 1056 327 1088 Decano
352 1054 541 1095 collegiatae
566 1053 718 1086 ecclesiae
744 1053 909 1094 Zamoscii,
927 1053 1103 1086 Keimensis
1118 1053 1284 1094 dioecesis,
1299 1064 1317 1086 a
1336 1054 1454 1087 Ioanne
1475 1054 1639 1099 Zamosky,
1658 1055 1747 1097 regni

291 1107 441 1140 Poloniae
467 1106 671 1145 cancellario,
693 1112 828 1147 erectae,
854 1107 1042 1139 conceditur
1065 1118 1141 1139 usus
1166 1107 1340 1149 Insignium
1366 1107 1612 1151 pontificalium,
1641 1107 1744 1141 1891).

203 1160 349 1194 Decimae
374 1171 411 1194 ex
436 1160 677 1203 irrigationibus
703 1160 937 1203 provenientes
966 1160 1097 1193 Carolus
1122 1161 1144 1193 V
1169 1160 1296 1193 Iberum
1323 1166 1352 1194 et
1382 1161 1515 1195 Gialone
1539 1161 1674 1194 ssumina
1690 1173 1749 1206 per

291 1224 427 1257 regnum
452 1216 637 1256 Aragonum
663 1214 853 1246 deducenda
871 1213 1002 1251 curavit,
1026 1213 1084 1246 178
1109 1225 1139 1246 α.
1168 1214 1312 1247 Clemens
1331 1215 1379 1247 VII
1401 1221 1431 1248 et
1448 1216 1565 1249 Paulus
1584 1216 1623 1249 III
1643 1216 1748 1249 eidem

291 1277 480 1301 concessere
506 1267 647 1300 decimas
673 1272 704 1299 et
728 1266 854 1299 novalia
878 1277 975 1310 super
1001 1267 1094 1300 terris
1119 1266 1179 1300 hac
1205 1268 1329 1301 ratione
1354 1268 1503 1310 irrigatis,
1531 1269 1572 1303 ib.
1600 1270 1669 1302 Alia
1695 1269 1745 1302 in-

289 1331 387 1365 super
411 1320 545 1353 ssumina
569 1330 628 1364 per
653 1320 730 1352 alias
751 1319 921 1364 Hispaniae
946 1320 1125 1363 provincias
1151 1321 1235 1354 idem
1270 1321 1446 1365 imperator
1469 1323 1585 1356 deduci
1606 1323 1746 1363 studuit,

289 1374 330 1407 ib.
356 1374 393 1415 b;
421 1384 560 1418 cumque
586 1384 721 1415 magnus
746 1374 785 1406 ad
818 1374 848 1406 id
884 1373 1107 1417 operariorum
1142 1385 1296 1407 numerus
1321 1375 1563 1418 requireretur,
1591 1387 1689 1420 super
1713 1377 1750 1409 iis

291 1428 386 1461 etiam
413 1438 511 1461 novas
536 1427 677 1460 decimas
706 1427 794 1471 petiit
819 1427 952 1471 imponi,
986 1427 1044 1460 179
1065 1439 1094 1460 a.
1124 1427 1222 1461 Iulius
1246 1428 1284 1461 III
1310 1439 1377 1461 rem
1403 1430 1566 1463 nonnullis
1592 1430 1750 1474 episcopis

291 1481 538 1514 examinandam
560 1481 740 1519 commisit,
769 1480 822 1523 qui
850 1481 991 1514 decimas
1017 1480 1141 1514 ratione
1168 1481 1298 1514 maioris
1322 1487 1497 1525 proventus
1520 1483 1631 1525 augeri
1657 1494 1750 1527 posse

294 1535 510 1574 declararunt,
539 1534 582 1566 ib.
608 1535 644 1571 ὸς
673 1533 801 1577 illisque
827 1534 1010 1567 facultatem
1032 1534 1120 1567 dedit
1144 1545 1217 1567 cum
1243 1535 1400 1578 operariis
1425 1535 1629 1579 dispensandi
1654 1548 1751 1581 super

293 1588 509 1622 celebratione
531 1587 697 1627 festorum,
723 1587 785 1620 180
805 1598 834 1620 α.
864 1587 1030 1631 Philippus
1054 1588 1079 1620 II
1099 1599 1151 1620 rex
1174 1589 1320 1621 eamdem
1346 1599 1502 1632 aquarum
1523 1590 1750 1623 deductionem

293 1642 397 1675 facere
418 1641 540 1675 curavit
560 1641 592 1674 in
610 1641 721 1674 insulis
741 1641 904 1679 Canariae,
925 1640 988 1673 ’180
1013 1652 1043 1674 α.
1067 1642 1240 1684 Gregorius
1265 1642 1330 1675 XIII
1351 1642 1594 1686 archiepiscopo
1615 1644 1752 1677 Valenti-

293 1696 395 1729 niensi
417 1706 454 1729 ae
474 1695 634 1739 episcopis
654 1694 812 1728 Oriolensi
839 1701 869 1728 et
892 1695 1116 1737 Segobricensi
1143 1695 1305 1728 commisit
1324 1701 1357 1729 ut
1377 1706 1474 1729 novas
1498 1696 1539 1729 ob
1560 1697 1591 1730 id
1612 1697 1752 1731 decimas

294 1749 517 1793 imponerent,
546 1749 588 1781 ib.
617 1749 656 1789 b,
690 1754 720 1781 et
751 1759 823 1782 cum
856 1749 1011 1792 operariis
1036 1760 1132 1792 super
1163 1749 1365 1782 observantia
1396 1750 1550 1782 festorum
1582 1744 1749 1795 dispensa-

296 1810 376 1843 rent,
393 1802 451 1836 181
476 1813 505 1835 a.
530 1802 614 1835 llaec
635 1802 746 1836 eadem
769 1813 827 1846 pro
846 1803 923 1835 loeis
938 1803 976 1835 de
987 1802 1130 1835 Alicante
1151 1803 1245 1836 statui
1261 1803 1337 1847 petit
1353 1803 1518 1847 Philippus
1535 1804 1590 1845 III,
1610 1804 1649 1837 ih.
1666 1804 1751 1838 Votis

295 1856 408 1890 annuit
426 1856 582 1895 Clemens,
606 1857 649 1889 ib.
675 1857 713 1895 b,
743 1856 844 1889 solitis
869 1856 1020 1889 clausulis
1041 1856 1206 1900 appositis.

205 1910 352 1944 Decimae
373 1910 496 1954 primae
515 1920 533 1942 a
553 1910 705 1943 Romanis
726 1909 935 1943 Pontificibus
952 1909 1101 1953 Philippo
1127 1910 1151 1943 ΙΙ
1173 1920 1353 1951 concessae,
1374 1910 1416 1942 lib
1437 1921 1456 1943 a
1474 1917 1584 1955 etseq.

206 1965 338 1998 Decreta
354 1963 511 1997 nonnulla
535 1968 682 1996 emanata
702 1974 719 1996 a
740 1963 835 1997 Sacra
856 1963 1111 2005 Congregatione
1129 1963 1363 2007 Episcoporum
1388 1969 1419 1996 et
1438 1965 1646 2007 Regularium
1668 1966 1753 1999 circa

295 2027 408 2051 causas
428 2017 682 2061 appellationum
704 2027 812 2050 coram
833 2017 1059 2060 metropolitis,
1088 2016 1147 2050 881
1176 2028 1197 2049 α
1216 2018 1255 2050 ad
1276 2016 1339 2050 882
1358 2018 1374 2050 b
1389 2030 1398 2055 ,¹
1428 2017 1604 2062 Episcopus
1630 2018 1750 2053 Colim-

294 2070 432 2104 briensis
459 2070 539 2114 petit
569 2070 769 2109 confirmari,
804 2070 879 2103 ibid.
916 2070 1093 2104 Confirmat
1122 2071 1225 2115 Papa,
1255 2082 1356 2114 eaque
1377 2071 1539 2104 observari
1562 2073 1692 2106 mandat
1713 2073 1752 2106 ab

296 2124 447 2168 episcopo
467 2123 665 2165 Bracarensi,
689 2124 768 2156 ibid.

208 2178 340 2212 Decreta
359 2176 522 2219 generalia
538 2187 597 2220 pro
619 2177 849 2210 reformatione
869 2177 1091 2220 Regularium,
1111 2183 1173 2210 tam
1195 2178 1428 2211 monachorum
1451 2189 1546 2222 quam
1570 2179 1755 2213 mendican—

299 2230 390 2268 tium,
420 2230 650 2274 cuiuscumque
671 2230 797 2264 Ordinis
818 2237 846 2264 et
872 2231 1018 2271 instituti,
1042 2230 1106 2264 662>
1127 2232 1144 2264 b
1169 2242 1270 2275 usqne
1287 2232 1326 2265 ad
1347 2230 1410 2264 (567
1434 2243 1464 2264 α.

209 2284 408 2318 Dertusensis
428 2284 594 2317 dioecesis.
624 2284 656 2317 ἶν’.
681 2285 863 2318 Maurorum
889 2291 1036 2318 recenter
1057 2295 1296 2318 conversorum.

209 2338 395 2372 Discalceati
413 2338 549 2372 Fratres.
579 2338 612 2371 V.
640 2338 851 2382 Congregatio
869 2339 987 2372 Italica.
1180 2376 1185 2380 ‚

210 2391 395 2426 Iliscalceati
416 2392 553 2433 Fratres,
576 2391 703 2426 Ordinis
722 2393 755 2425 B.
780 2393 896 2426 Mariae
919 2393 957 2426 de
977 2393 1082 2426 Monte
1103 2392 1247 2425 Carmelo
1270 2392 1299 2425 in
1327 2392 1431 2435 regnis
1451 2392 1676 2437 Hispaniarum
1697 2405 1754 2427 se-

297 2450 452 2489 parantur
476 2455 493 2478 a
512 2445 677 2479 Fratribus
697 2445 844 2489 illitigatis
861 2456 878 2478 a
898 2446 1052 2489 Gregorio
1073 2446 1149 2486 XIII,
1174 2445 1215 2478 93
1235 2457 1265 2479 a.
1289 2446 1393 2479 sixtus
1416 2445 1439 2479 V
1460 2446 1673 2481 Discalceatos
1695 2448 1753 2480 mi-

299 2509 369 2531 rum
391 2498 422 2531 in
449 2499 581 2532 modum
603 2504 783 2532 crescentes
803 2510 861 2543 per
886 2511 985 2532 unum
1007 2499 1166 2532 Viearium
1194 2499 1376 2541 generalem
1399 2504 1427 2532 et
1456 2510 1513 2543 per
1537 2501 1644 2544 plures
1666 2501 1754 2544 prio—

300 2563 350 2585 res
371 2552 438 2595 regi
457 2552 607 2593 decrevit,
625 2552 667 2585 93
688 2553 716 2586 b.
740 2553 801 2586 Sed
823 2553 1008 2586 Discalceati
1031 2558 1061 2585 et
1080 2552 1210 2595 Mitigati
1229 2553 1435 2585 concorditer
1456 2559 1565 2597 postea
1585 2565 1617 2587 se
1638 2554 1759 2588 disiun-

300 2611 425 2646 xerunt,
449 2605 492 2639 ih.
516 2606 661 2639 Clemens
683 2606 744 2639 l'lll
773 2606 1008 2650 separationem
1035 2605 1203 2649 approbat,
1232 2605 1274 2637 (ll-
1294 2616 1336 2643 «ις
1364 2605 1575 2640 Discalceatos
1599 2607 1638 2640 ab
1658 2618 1760 2652 supe-

302 2659 441 2692 rioribus
477 2659 691 2702 Mitigatorum
726 2660 855 2699 eximit,
887 2660 925 2692 ib.
965 2660 1004 2695 Ι),
1044 2659 1167 2702 subque
1200 2659 1400 2702 protectione
1432 2660 1521 2693 Sedis
1558 2662 1758 2704 Apostolicae

300 2712 423 2757 recipit,
448 2712 488 2745 ib.
516 2713 634 2746 Eorum
653 2713 853 2757 superiorem
880 2712 1097 2756 praepositum
1116 2713 1300 2755 generalem
1323 2713 1428 2746 vocari
1451 2714 1606 2756 decernit,
1630 2715 1683 2759 qui
1706 2726 1758 2748 sex

334 2774 412 2802 Ball.
429 2775 512 2804 Rom.
531 2775 590 2803 Vol.
606 2774 636 2802 Χ.
868 2775 918 2801 114
