2253 3195
226 257 278 284 An.
294 257 323 284 c.
343 257 410 285 ¹599
455 247 522 282 474

423 307 512 340 ribus
525 312 556 340 et
568 304 703 339 insolitis
723 304 885 345 clausulis,
902 304 1168 348 irritantibusque

424 365 455 393 ct
468 360 538 393 aliis
551 359 688 392 decretis
701 358 958 402 quomodolibet,
969 357 1065 391 etiam
1078 363 1168 390 motu

423 412 567 456 proprio,
589 412 684 445 ctiam
705 411 970 445 consistorialiter
994 411 1165 451 concessis,

424 465 609 510 approbatis
625 471 655 498 et
670 465 839 498 innovatis.
861 465 983 504 Quibus
1003 464 1165 505 omnibus,

425 519 551 552 etiamsi
582 529 642 562 pro
668 519 799 552 illorum
824 518 995 552 sufficienti
1027 518 1166 560 deroga-

425 572 523 613 tione,
548 573 586 605 de
619 572 681 605 illis
710 583 889 617 eorumque
910 573 983 606 totis
1004 572 1170 606 tenoribus

423 625 581 668 specialis,
598 626 760 670 specifica,
773 637 920 670 expressa
940 631 971 659 et
991 625 1166 665 individua,

424 688 489 711 non
509 684 617 712 autem
638 690 696 723 per
715 680 875 713 clausulas
896 679 1063 722 generales
1083 678 1168 711 idem

424 732 635 776 importantes
652 734 786 775 mentio,
809 744 866 767 seu
886 734 1016 777 quaevis
1036 733 1097 766 alia
1119 743 1170 766 ex-

424 786 547 829 pressio
567 787 717 820 habenda
731 815 738 828 ‚
759 793 814 821 aut
834 788 943 831 aliqua
974 787 1037 820 alia
1062 787 1172 830 exqui-

424 839 484 872 sita
504 840 608 872 forma
637 840 677 873 ad
702 840 764 873 hoc
792 841 948 873 servanda
980 840 1081 880 soret,
1110 839 1172 872 illis

424 892 502 926 alias
522 892 554 925 in
574 903 632 926 suo
654 893 771 927 robore
784 893 1018 938 permansuris,
1031 893 1091 926 hac
1103 892 1171 926 vice

425 945 592 980 dumtaxat
611 947 795 991 specialiter
816 953 845 981 et
867 958 1013 991 expresse
1034 947 1171 989 deroga-

426 1010 509 1039 mus,
533 1000 733 1045 caeterisque
763 1001 932 1034 contrariis
964 1000 1172 1044 quibuscum-

426 1064 499 1096 que.
524 1055 586 1087 Aut
610 1054 634 1087 si
657 1055 778 1088 eisdem
800 1055 1022 1098 superioribus
1047 1060 1078 1087 et
1102 1055 1168 1087 sra-

427 1107 529 1141 tribus
549 1108 804 1141 Mendicantibus
824 1108 1022 1149 huiusmodi,
1038 1109 1087 1142 vel
1101 1109 1173 1152 qui-

425 1161 533 1194 busvis
553 1161 635 1201 aliis,
659 1162 877 1196 communiter
908 1163 955 1196 vel
977 1162 1115 1203 divisim,
1132 1162 1172 1195 ab

426 1215 612 1258 Apostolica
643 1216 684 1249 sit
712 1216 792 1250 Sede
813 1216 987 1257 indultum,
1015 1216 1103 1260 quod
1123 1216 1172 1248 in-

427 1268 552 1309 terdici,
568 1269 732 1313 suspendi,
750 1269 798 1302 vel
820 1269 1093 1302 excommunicari
1107 1279 1172 1302 non

427 1321 551 1363 possint
577 1333 635 1366 per
660 1322 781 1356 litteras
808 1323 1002 1366 apostolicas
1029 1333 1093 1356 non
1121 1323 1169 1355 sa-

428 1374 546 1408 cientes
557 1375 686 1419 plenam
710 1382 740 1409 et
760 1387 942 1420 expressam
964 1387 1001 1409 ac
1021 1377 1060 1409 de
1074 1376 1172 1409 verbo

427 1428 467 1460 ad
492 1428 624 1461 verbum
646 1429 685 1462 de
707 1429 832 1463 indulto
865 1430 1051 1464 huiusmodi
1080 1440 1171 1463 men-

429 1487 562 1515 tionem.

472 1544 585 1576 Datum
604 1545 724 1578 Romae
738 1546 824 1589 apud
837 1546 868 1579 S.
886 1546 1014 1580 Petrum
1035 1546 1094 1579 sub
1116 1557 1172 1579 an-

429 1598 506 1630 nulo
527 1598 708 1639 piscatoris,
733 1600 784 1633 die
804 1610 890 1633 nona
913 1600 1076 1641 februarii,
1098 1601 1171 1633 mil-

429 1651 541 1685 lesimo
562 1653 820 1696 quingentesimo
838 1655 1049 1696 nonagesimo
1070 1665 1168 1696 nono,

428 1707 634 1749 pontificatus
654 1707 755 1741 nostri
782 1718 866 1741 anno
887 1718 956 1742 vm.

465 1786 523 1814 Dat.
539 1787 582 1814 dic
596 1788 748 1816 9fcbruarii
766 1788 843 1822 1599,
862 1789 956 1824 pontif.
979 1798 1021 1816 an.
1044 1796 1099 1817 vnt.

730 2092 839 2126 CXCVI
845 2092 865 2125 1.

430 2224 613 2257 [ubilamma
627 2235 686 2268 Iuro
699 2224 968 2266 clirislificlelilms
987 2225 1019 2257 in
1041 2225 1149 2266 rcqsm's
1161 2252 1168 2263 ,

472 2296 661 2338 provinciis,
689 2295 845 2327 dominiis
872 2299 900 2327 e!
933 2295 1008 2327 tucis
1035 2295 1172 2338 Philip-

473 2378 512 2408 po
524 2366 588 2403 ΙΙΙ,
605 2366 846 2410 Hispaniarum
865 2367 943 2409 rcgJi',
960 2366 1111 2398 subiectis
1130 2367 1172 2399 ad

477 2437 721 2480 ''inplorundtun
746 2437 895 2470 divinum
926 2437 1092 2470 ausititem
1114 2449 1173 2480 pro

477 2508 560 2539 iusto
586 2508 738 2551 stt-licique
765 2508 925 2540 (lictorum
951 2507 1170 2540 dominiorum

477 2580 575 2620 rcyt'm
582 2579 642 2611 εἰμ’·
668 2607 672 2611 .

469 2668 478 2693 1
499 2666 533 2693 {21
549 2667 655 2702 lin-gest.
674 2676 698 2693 tn
715 2670 816 2695 Secret.
834 2667 968 2695 [trevium.

1000 252 1183 280 BULLARIUM
1203 254 1357 281 Romnum

1381 303 1537 334 Clemens
1560 303 1654 345 Papa
1673 302 1766 336 vlu.

1203 376 1358 405 Universis
1384 376 1631 405 christifidelibus
1652 378 1684 405 in
1698 378 1810 413 regnis,
1826 379 1946 413 provin-

1239 420 1305 453 ciis,
1319 421 1459 449 dominiis
1474 425 1505 449 et
1518 422 1593 450 locis
1609 422 1780 449 charissimi
1791 422 1822 449 in
1833 423 1948 450 Christo

1237 464 1293 491 filii
1311 464 1408 492 nostri
1426 465 1555 499 Philippi
1572 465 1784 499 Hispaniarum
1802 466 1882 499 regis
1897 474 1948 493 ca-

1238 509 1356 544 tholici,
1372 516 1428 536 nec
1443 516 1503 537 non
1518 510 1609 537 etiam
1632 510 1662 537 in
1677 510 1840 544 provinciis
1855 509 1950 545 Belqii

1239 553 1452 588 existentibus,
1465 555 1596 582 salutem
1607 557 1637 582 et
1648 555 1845 589 apostoticam
1859 555 1949 582 bene-

1239 599 1409 627 dictionem.

1251 678 1352 713 Omne
1376 679 1490 712 datum
1515 680 1698 723 optimum,
1721 684 1750 713 el
1771 690 1864 713 omne
1887 679 1946 712 do-

1204 743 1285 765 num
1301 733 1479 776 perfectum
1498 732 1669 766 desursum
1682 737 1736 773 est,
1757 733 1949 766 descendens

1205 795 1224 817 α
1250 785 1351 818 Patre
1382 785 1548 818 luminum
1565 786 1592 818 ¹:
1615 786 1670 819 sed
1697 787 1841 830 profecto
1867 786 1951 820 inter

1205 839 1373 881 praeclara
1407 839 1533 872 divinae
1571 839 1778 881 benignitatis
1816 851 1950 873 munera

1206 891 1276 925 iure
1304 892 1428 937 optimo
1453 899 1499 926 est
1519 893 1741 926 numerandus
1768 904 1821 927 rex
1846 894 1950 927 bonus

1206 957 1224 978 a
1253 946 1317 980 Deo
1346 946 1468 991 populo
1494 947 1596 980 datus.
1629 947 1754 980 Etenim
1775 947 1819 991 pii
1839 953 1870 980 et
1898 958 1951 981 ca—

1207 999 1317 1033 tholici
1346 1010 1438 1043 reges
1463 1006 1493 1034 et
1523 1000 1701 1044 principes,
1725 1001 1780 1044 qui
1801 1001 1951 1035 Sanctam

1206 1053 1386 1087 Romanam
1417 1054 1607 1094 Ecclesiam,
1631 1064 1721 1087 suam
1747 1060 1777 1087 et
1805 1055 1951 1088 omnium

1206 1106 1352 1140 fidelium
1379 1113 1514 1140 matrem
1536 1118 1572 1140 ac
1598 1107 1795 1149 magistram,
1827 1109 1878 1152 pie
1898 1120 1951 1142 ve-

1206 1166 1382 1200 nerantur,
1407 1160 1500 1204 eique
1526 1160 1558 1193 in
1585 1160 1699 1204 spiritu
1732 1161 1896 1195 charitatis
1921 1168 1952 1196 et

1206 1213 1409 1247 obedientiae
1430 1213 1618 1254 adhaerent,
1634 1214 1754 1258 quique
1771 1220 1882 1249 sancto
1895 1216 1950 1249 Dei

1207 1267 1323 1301 timore
1336 1273 1409 1301 sunt
1422 1267 1570 1311 praediti,
1585 1274 1615 1300 et
1629 1268 1783 1301 iustitiam
1797 1269 1946 1311 diligunt,

1207 1320 1227 1352 ii
1248 1320 1404 1354 nimirum
1425 1321 1586 1354 Ecclesiae
1610 1321 1666 1354 Dei
1695 1327 1725 1354 et
1757 1322 1951 1356 christianae

1207 1374 1402 1417 reipublicae
1416 1385 1548 1417 magnas
1562 1381 1591 1408 et
1606 1375 1799 1419 multiplices
1812 1376 1951 1409 afferunt

1206 1427 1369 1461 utilitates.
1399 1427 1480 1461 Sunt
1499 1427 1584 1460 enim
1605 1439 1699 1462 verae
1724 1428 1799 1462 fidei
1826 1440 1947 1474 propa-

1206 1486 1344 1523 gatores,
1365 1480 1534 1514 haeresum
1561 1487 1813 1526 oppugnat01·eS‚
1841 1483 1950 1517 Eccle-

1205 1535 1325 1568 siarum
1347 1535 1530 1569 defensores
1550 1541 1581 1568 et
1601 1536 1862 1580 amplificatores,
1885 1549 1947 1581 pu-

1206 1587 1308 1621 blicae
1334 1587 1421 1632 pacis
1455 1596 1486 1622 et
1510 1589 1750 1632 tranquillitatis
1780 1600 1950 1624 conserva-

1207 1647 1303 1682 tores,
1320 1647 1350 1675 et
1371 1641 1511 1686 denique
1528 1648 1788 1686 propugnatores
1807 1649 1881 1677 sunt
1894 1654 1951 1687 po-

1206 1696 1273 1739 puli
1288 1695 1452 1729 christiani
1466 1696 1619 1730 adversus
1632 1696 1779 1730 infideles
1792 1702 1824 1730 ct
1835 1697 1951 1730 harba-

1207 1759 1257 1782 ras
1278 1749 1435 1783 nationes.
1448 1749 1665 1788 Quamobrem
1686 1750 1802 1783 merito
1822 1757 1951 1784 sanctus

1207 1802 1323 1836 Paulus
1343 1803 1514 1847 Apostolus
1540 1803 1754 1843 admonebat,
1778 1810 1812 1837 ut
1837 1804 1951 1838 fierent

1207 1855 1238 1888 in
1260 1856 1399 1889 Ecclesia
1419 1856 1668 1897 obsecrationes,
1691 1857 1863 1897 orationes,
1887 1868 1948 1901 po-

1206 1909 1405 1949 stulationes,
1426 1909 1602 1950 gratiarum
1624 1910 1767 1943 actiones
1787 1921 1846 1954 pro
1867 1911 1951 1953 regi-

1206 1961 1266 1994 bus
1284 1967 1313 1994 et
1334 1962 1495 2002 omnibus,
1519 1962 1573 2005 qui
1593 1962 1623 1994 in
1645 1963 1843 1997 sublimitate
1862 1970 1948 2004 sunt,

1207 2021 1241 2047 ut
1261 2015 1403 2058 quietam
1425 2015 1519 2048 vitam
1537 2026 1670 2058 agaunis
1683 2016 1715 2049 in
1731 2017 1819 2050 omni
1834 2017 1951 2060 pietate

1207 2074 1236 2102 et
1258 2068 1415 2102 castitate.

1251 2124 1267 2163 ξ
1290 2121 1319 2153 l.
1347 2122 1423 2154 Cum
1446 2132 1522 2164 ergo
1548 2121 1595 2154 liis
1620 2122 1775 2165 proximis
1799 2123 1947 2167 superio-

1206 2174 1295 2207 ribus
1326 2175 1491 2208 mensibus
1522 2175 1673 2219 princeps
1693 2177 1798 2209 clarae
1821 2187 1946 2210 memo-

1207 2228 1272 2261 riae
1298 2228 1465 2272 Philippus
1489 2229 1649 2262 sccundus
1677 2240 1729 2262 rcx
1749 2229 1946 2270 catholicus,

1206 2281 1288 2314 sicut
1309 2282 1372 2315 Deo
1394 2281 1523 2325 placuit.
1552 2293 1587 2314 ex
1608 2282 1667 2315 ltac
1685 2283 1950 2316 aernmnosavita

1207 2335 1414 2376 emigrasset,
1438 2346 1532 2377 grave
1563 2336 1677 2368 vulnus
1701 2346 1751 2368 res
1777 2336 1950 2370 christiana

1207 2389 1336 2432 publica
1367 2394 1551 2432 acceperam
1576 2399 1629 2421 rex
1649 2388 1810 2432 siquidem
1832 2395 1947 2433 poten-

1209 2441 1359 2481 tissimus,
1380 2442 1535 2483 singulari
1555 2442 1735 2485 prudentia,
1756 2453 1883 2476 stttttttto
1902 2454 1950 2476 re-

1208 2507 1278 2528 rum
1301 2507 1371 2534 usu,
1395 2495 1561 2529 excellenti
1582 2495 1699 2539 pietate
1720 2502 1750 2529 et
1770 2497 1837 2529 zelo
1859 2507 1950 2540 prae-

1207 2550 1304 2586 ditus,
1322 2560 1501 2593 magnaque
1523 2549 1607 2592 apud
1629 2560 1741 2582 omnes
1761 2549 1949 2583 auctoritate

1208 2609 1372 2647 praestans
1393 2614 1456 2636 non
1480 2609 1542 2636 tam
1564 2602 1624 2636 sibi
1645 2603 1831 2644 innuatur-o,
1852 2613 1948 2646 quam

1246 2667 1253 2692 ¹
1279 2665 1368 2691 incon,
1388 2673 1405 2698 i,
1426 2665 1580 2699 17.υι.τ.).

1963 256 2012 284 Αη.
2029 257 2058 284 C.
2078 256 2146 286 ¹599

1990 690 2131 712 Prooemium.

1993 2129 2102 2155 Phiiippus
2117 2128 2150 2152 ΙΙΙ,

1967 2157 2030 2176 tilium
2041 2162 2063 2176 su
2075 2156 2150 2175 itoma-

1965 2188 2006 2203 nao
2042 2182 2150 2202 injectus-tn·

1965 2209 2090 2230 ‹tm-tarum.
2111 2214 2150 2234 npu

1965 2236 2037 2255 «intua
2053 2235 2150 2255 iulitirari

1967 2262 1986 2282 itt
2001 2268 2032 2282 sut
2044 2268 2100 2286 rcum
2113 2267 2151 2287 gu-

1965 2288 2039 2309 bernio
2055 2291 2114 2314 pvtit.
