2253 3195
296 264 349 292 An.
367 263 395 292 c.
412 264 481 293 1599
527 257 591 291 508

322 2195 374 2214 l'rmv
385 2201 428 2219 wei
438 2196 482 2214 liur⁴

301 2224 356 2241 ntur
369 2228 484 2246 pen-grum

302 2251 323 2267 ut
339 2249 469 2268 nubum-nt.

495 315 625 355 stianos,
642 320 674 347 et
693 314 871 347 imitatores
884 314 1009 355 Christi,
1022 320 1051 348 et
1065 320 1238 349 sectatores

495 367 656 400 bonorum
671 361 816 410 operum.
829 368 945 401 Docete
957 374 1063 400 autem
1078 379 1143 408 eos,
1160 379 1239 412 que-

497 421 705 453 madmodum
717 421 756 453 ad
769 421 924 454 salutares
936 421 1151 464 indulgentias
1163 432 1239 455 eon-

496 474 685 517 sequendas,
710 474 741 505 in
768 474 876 507 animo
901 475 1039 508 contrito
1060 481 1092 508 et
1115 475 1147 508 in
1169 475 1236 519 spi-

496 527 559 560 ritu
587 527 796 568 humilitatis,
820 529 956 562 assiduis
988 529 1188 562 orationibus
1209 536 1239 562 et

496 579 634 621 ieiuniis,
658 581 857 625 caeterisque
880 582 1006 626 pietatis
1034 582 1187 626 operibus
1207 594 1240 616 se

496 633 582 677 ipsos
594 645 800 678 praeparare,
817 641 913 679 atque
926 646 1074 669 exercere
1088 635 1236 675 debeant,

497 692 528 720 et
547 687 602 731 qui
622 688 833 722 substantiam
854 689 949 722 huius
974 689 1086 722 mundi
1106 690 1237 729 habent,

497 740 642 785 aperiant
661 741 782 775 viscera
802 753 880 783 sua,
902 748 932 776 et
952 743 1087 776 fratrum
1108 753 1240 776 suorum

497 805 678 839 pauperum
704 795 845 839 inopiam
866 796 1044 835 sublevent,
1067 795 1241 839 praecipue

498 858 573 880 vero
595 858 671 890 erga
699 848 888 891 peregrinos
919 850 1055 882 Romam
1080 848 1242 882 venientes

499 901 723 934 misericordes
743 901 816 942 sint,
834 908 863 935 et
880 894 1024 936 sanctam
1042 902 1242 946 hospitalita-

498 959 563 987 tem
583 954 648 988 Deo
668 954 900 996 gratissimam,
924 961 955 988 et
975 966 1071 999 quam
1098 955 1243 988 vetustis-

498 1007 570 1040 simi
596 1007 641 1040 illi
668 1007 834 1040 christiani
862 1008 958 1041 etiam
979 1008 1063 1042 inter
1086 1019 1239 1053 persecu-

500 1060 624 1094 tionum
645 1061 761 1095 ssuctus
782 1062 1026 1104 diligentissime
1049 1063 1238 1103 coluerunt,

499 1115 558 1159 ipsi
573 1126 703 1159 quoque
720 1116 821 1149 multa
838 1127 910 1150 cum
929 1116 1091 1149 hilaritate
1111 1116 1242 1160 spiritus

498 1175 654 1202 renovent
662 1175 758 1213 atque
767 1170 947 1203 observent.
958 1170 1137 1204 Admonere
1146 1170 1242 1203 etiam

500 1233 565 1263 eos,
588 1230 624 1256 ut
643 1229 737 1257 orent
762 1234 821 1267 pro
842 1223 972 1266 regibus
996 1230 1027 1257 et
1042 1224 1243 1268 principibus

501 1276 692 1317 christianis,
716 1283 751 1311 ut
770 1277 913 1321 quietam
928 1283 959 1310 et
977 1277 1185 1320 tranquillam
1199 1277 1242 1309 vi-

500 1335 564 1363 tam
586 1341 729 1373 agamus,
753 1337 784 1363 et
802 1341 862 1374 pax
883 1336 914 1363 et
932 1330 1108 1363 concordia
1128 1341 1243 1374 perpe-

502 1389 556 1417 tuo
585 1388 803 1417 conservetur.
827 1384 994 1417 Postremo
1022 1384 1134 1417 docete
1163 1393 1239 1422 eos,

500 1447 573 1471 cum
593 1443 735 1470 sanctam
761 1436 1055 1480 peregrinationem
1088 1447 1239 1481 suscepe-

500 1490 579 1530 rint,
607 1501 671 1534 qua
691 1490 866 1530 modestia,
891 1500 955 1533 qua
975 1490 1156 1531 devotione,
1181 1502 1243 1534 qua

501 1544 661 1577 fraternae
697 1543 786 1588 pacis
821 1543 1023 1577 observantia
1050 1544 1158 1578 lucere
1189 1555 1243 1578 eos

501 1603 658 1642 oporteat,
669 1603 702 1630 ut
711 1597 773 1630 sint
784 1597 896 1630 Christi
907 1597 1010 1631 bonus
1022 1599 1103 1631 odor
1114 1598 1146 1631 in
1156 1599 1243 1632 omni

501 1652 582 1685 loco.
607 1651 760 1684 Praebete
785 1656 892 1684 autem
920 1661 975 1684 vos
1003 1651 1107 1695 ipsos,
1132 1652 1244 1686 fratres

501 1705 710 1744 venerabiles,
722 1710 751 1737 et
767 1715 896 1738 omnem
911 1705 1046 1745 clerum,
1061 1706 1243 1749 exemplum

501 1759 532 1792 in
562 1759 676 1802 primis
703 1759 863 1792 bonorum
887 1769 1023 1803 operum
1045 1765 1076 1793 et
1106 1760 1242 1793 sormam

500 1812 617 1854 gregis,
630 1818 664 1845 ut
684 1818 806 1845 vestrae
825 1812 948 1845 virtutis
969 1818 999 1846 et
1017 1813 1180 1855 religionis
1195 1824 1244 1846 ve-

501 1867 558 1899 luti
586 1867 650 1899 sale
678 1867 795 1899 caeteri
821 1867 1032 1907 condiantur,
1056 1874 1087 1901 et
1113 1879 1243 1901 omnem

500 1919 621 1963 pcccati
644 1920 846 1963 putredinem
873 1920 1080 1960 abhorreant,
1104 1927 1135 1954 et
1156 1921 1244 1954 deni-

500 1986 563 2018 que
583 1985 696 2007 omnes
717 1975 884 2007 unanimes
902 1974 1013 2008 inuno
1033 1975 1146 2018 spiritu
1161 1975 1244 2008 chri-

499 2027 620 2060 stianae
641 2027 817 2066 eharitatis,
845 2033 941 2071 atque
963 2027 992 2060 in
1015 2028 1103 2060 omni
1130 2029 1244 2061 sancti-

501 2087 563 2113 tate
585 2086 613 2114 et
633 2080 752 2113 iustitia
774 2081 837 2114 Deo
858 2081 1045 2114 serviamus.

545 2133 606 2177 ξῖ).
633 2135 806 2167 llortamur
833 2145 964 2178 quoquc
985 2141 1015 2167 et
1036 2145 1187 2175 rogamus
1213 2136 1242 2168 iu

502 2187 638 2221 Domino
659 2187 865 2220 charissimos
887 2187 917 2220 in
938 2188 1063 2221 (ltu-isto
1085 2188 1167 2221 tilios
1188 2199 1244 2222 no-

500 2248 582 2275 stros
603 2242 829 2285 imperatorem
851 2243 999 2281 rlcctum,
1023 2254 1059 2275 ae
1089 2253 1190 2284 reges,
1214 2249 1244 2276 et

501 2296 661 2340 principes
682 2306 794 2328 omns-s
815 2296 1000 2335 catholic-os,
1018 2303 1049 2329 ut
1066 2307 1130 2340 quo
1151 2298 1242 2340 plura

501 2356 531 2382 et
557 2349 657 2390 tttsstzis
683 2350 818 2382 illustria
847 2350 1003 2383 benetieia
1031 2351 1070 2383 ab
1098 2351 1163 2389 Eo,
1188 2362 1244 2394 per

501 2414 596 2446 quein
625 2414 715 2442 regi-s
734 2409 865 2443 regnant
884 2431 889 2441 ,
911 2411 1105 2447 areima-runt
1119 2432 1126 2443 ,
1156 2410 1242 2437 tanto

501 2456 684 2494 :ii-‹lentiuffi
714 2462 747 2488 ut
779 2467 836 2499 par
864 2462 930 2493 est,
959 2458 997 2489 :ul
1027 2457 1078 2490 bvi
1108 2457 1241 2497 gloriam

503 2509 738 2551 prm-ui·.'ui‹laui
767 2509 819 2552 piu
847 2510 914 2541 zelo
936 2510 1127 2546 exritentur:
1152 2522 1241 2553 prae·-

1071 268 1255 292 BULLARIUM
1275 269 1428 293 ROMANUM

1273 316 1338 349 suis
1358 316 1599 359 magistratibus
1625 322 1657 350 et
1687 318 1841 352 ministris
1871 318 2016 352 adiuvari

1275 370 1447 410 mandent,
1470 378 1506 403 ut
1526 371 1751 414 improborum
1771 371 1900 405 lieentia
1920 383 2014 406 coer-

1275 428 1395 463 ceatur,
1419 428 1450 456 et
1470 424 1630 457 bonorum
1657 424 1762 457 studia
1790 435 1902 458 corum
1930 426 2018 468 regia

1274 486 1336 520 ope
1356 482 1386 509 et
1406 477 1508 519 gratia
1528 477 1712 518 foveantur;
1741 478 1878 511 maxime
1909 484 2017 511 autem

1275 540 1350 572 erga
1370 530 1558 573 peregrinos
1578 530 1835 564 beneficientiam
1853 537 1884 564 et
1904 531 2018 564 libera-

1274 583 1396 616 litatem
1419 590 1597 625 exerceant,
1622 590 1800 628 curentque
1820 591 1856 618 ut
1876 585 1952 618 tutis
1972 585 2019 618 in-

1275 637 1390 670 cedant
1410 637 1591 677 itineribus,
1606 643 1637 671 et
1649 638 1738 671 nulla
1757 638 1925 671 hominum
1947 649 2019 682 per-

1275 690 1417 723 ditorum
1436 691 1602 724 vexatione
1622 692 1862 735 perturbentur,
1886 692 1941 725 sed
1962 692 2020 725 ho-

1276 744 1460 788 spitalibus,
1489 745 1640 778 domibus
1660 750 1691 778 et
1710 745 1846 789 publicis
1871 744 2019 789 hospitiis

1276 803 1421 831 amanter
1441 798 1586 842 excepti,
1608 804 1639 831 et
1658 804 1842 832 commeatu
1862 804 1894 832 et
1923 799 2019 832 rebus

1277 852 1317 884 ad
1348 851 1443 884 vitam
1472 851 1660 885 necessariis
1684 852 1839 892 recreati,
1862 852 1930 886 sine
1954 852 2020 885 ulla

1277 905 1489 938 concussione
1501 910 1532 938 et
1545 905 1662 938 iniuria
1674 905 1855 938 institutum
1871 905 1932 939 iter
1944 905 2019 940 laeti

1276 965 1442 1003 peragant,
1466 965 1497 992 ct
1516 970 1589 992 cum
1611 959 1728 1002 gaudio
1749 959 1781 992 in
1808 959 1944 1003 patriam
1962 970 2016 993 re-

1278 1018 1452 1046 vertantur.
1473 1013 1527 1046 ΙἸίε
1545 1013 1630 1046 enim
1648 1013 1760 1046 hostiis
1780 1023 1872 1055 reges
1891 1013 2019 1056 potissi-

1278 1077 1366 1099 mum
1387 1072 1418 1099 et
1437 1066 1599 1110 principes
1615 1066 1716 1099 Deum
1736 1065 1797 1099 sibi
1828 1065 2019 1110 placabilem

1278 1120 1435 1160 reddent,
1459 1125 1494 1153 ut
1515 1119 1570 1153 diu
1591 1119 1623 1152 in
1644 1119 1736 1152 terris
1756 1118 1865 1152 retices
1888 1119 2016 1160 vivant,

1278 1179 1308 1207 et
1328 1174 1459 1207 demum
1480 1173 1512 1206 iu
1537 1179 1668 1207 aeterna
1697 1173 1905 1206 tabernacula
1938 1172 2019 1206 reci-

1278 1227 1407 1270 piantur
1421 1226 1460 1259 ab
1475 1226 1536 1259 illis
1550 1226 1626 1270 ipsis
1636 1225 1843 1269 pauperibus,
1854 1235 1930 1268 erga
1938 1236 2020 1269 quos

1279 1279 1533 1319 misericordiam
1547 1278 1756 1319 exercuerint,
1768 1279 1798 1311 in
1808 1278 1924 1322 quibus
1933 1278 2021 1313 Chri-

1277 1341 1343 1368 stus
1364 1334 1506 1378 pascitur
1526 1339 1556 1367 et
1575 1333 1728 1367 nutritur.

1322 1389 1339 1430 S
1360 1386 1390 1420 6.
1414 1387 1453 1420 Ut
1472 1397 1549 1420 vero
1569 1392 1754 1431 praesentes
1774 1386 1910 1427 litterae,
1925 1387 1965 1420 ad
1985 1397 2020 1420 0-

1279 1441 1404 1474 mnium
1425 1440 1571 1474 fidelium
1600 1440 1632 1473 in
1660 1440 1918 1484 quibuscumque
1941 1440 2020 1474 locis

1279 1494 1481 1528 existentium
1506 1494 1654 1528 notitiam
1675 1494 1798 1527 facilius
1817 1493 2016 1538 perveniant,

1279 1549 1426 1582 volumus
1439 1558 1550 1582 earum
1564 1547 1718 1591 exemplis
1732 1547 1829 1581 etiam
1843 1547 2017 1591 impressis,

1280 1612 1376 1635 manu
1397 1602 1514 1635 notarii
1532 1601 1651 1645 publici
1669 1601 1869 1645 subscriptis,
1892 1605 1948 1634 etc.

1324 1658 1340 1699 ς
1362 1656 1391 1689 7.
1415 1656 1499 1690 Nulli
1517 1666 1593 1697 ergo
1625 1655 1758 1689 omnino
1789 1655 1959 1689 hominum
1984 1655 2021 1688 li-

1279 1715 1348 1744 ceat
1368 1710 1451 1743 hanc
1477 1709 1626 1753 paginam
1656 1714 1783 1742 nostrae
1814 1708 2016 1750 indictionis,

1280 1763 1568 1808 promulgationis,
1601 1762 1839 1803 concessionis,
1869 1762 2016 1806 imparti-

1281 1817 1386 1857 tionis,
1406 1816 1609 1856 hortationis,
1633 1816 1809 1859 rogationis
1827 1821 1858 1849 et
1876 1816 2021 1850 volunta-

1281 1871 1330 1910 tis,
1351 1875 1407 1904 etc.

1323 1924 1436 1957 Datum
1458 1923 1579 1956 Romae
1599 1923 1684 1966 apud
1705 1922 1856 1955 Sanctum
1877 1923 2018 1964 Petrum,

1279 1988 1364 2010 anno
1389 1976 1621 2010 lucarnationis
1641 1975 1826 2009 Dominicae
1851 1976 2022 2010 millesimo

1280 2029 1536 2074 quingentesimo
1564 2028 1773 2070 nonagesimo
1794 2039 1879 2062 nono
1895 2056 1902 2069 ,
1930 2029 2019 2062 deci-

1281 2088 1451 2126 moquarto
1471 2082 1538 2125 ital.
1563 2081 1663 2122 iunii,
1691 2081 1898 2125 pontificatus
1922 2082 2021 2116 nostri

1280 2146 1364 2169 anno
1385 2146 1453 2170 Vlll.

1316 2199 1374 2226 llat.
1391 2199 1435 2226 die
1456 2200 1485 2226 19
1506 2198 1568 2225 maii
1587 2198 1664 2231 1599,
1682 2202 1755 2234 pout.
1777 2206 1820 2224 nu.
1838 2205 1897 2225 viui

1279 2297 1434 2340 Sequitur
1463 2297 1630 2339 suspensio
1658 2295 1805 2328 aliarum.
1840 2295 2017 2338 indulqen-

1324 2359 1444 2390 aarum
1466 2361 1494 2390 e!
1518 2357 1704 2389 absolvendi
1722 2356 1930 2400 facultatum,
1953 2356 2017 2389 du·

1323 2425 1416 2453 rante
1434 2420 1491 2452 lior
1512 2420 1669 2453 lubilueo.

1322 2510 1398 2543 Cum
1414 2509 1513 2542 saneti
1529 2509 1658 2542 lubilaei
1674 2509 1923 2542 celebrationem
1940 2519 1958 2541 a
1972 2509 2016 2541 vi-

504 2624 572 2643 rum
592 2619 622 2644 vt
640 2614 842 2656 supe-riorum
858 2615 1033 2648 antistitum
1051 2617 1241 2659 pastoralem
1279 2617 1413 2659 proximi
1436 2617 1595 2649 millesimi
1617 2615 1836 2649 sexcentesimi
1859 2614 2015 2647 inrlioau-

503 2666 703 2698 sedulitatem
727 2673 756 2700 rt
778 2668 970 2709 vigilantiam
993 2669 1154 2709 adiuvent,
1178 2675 1206 2703 et
1226 2681 1242 2701 a
1278 2670 1374 2709 dam,
1396 2676 1424 2703 ct
1448 2681 1548 2714 usque
1578 2670 1616 2702 ad
1643 2671 1739 2703 tinem
1769 2668 1911 2702 eiusdem
1943 2669 2018 2702 anni

2061 1396 2165 1423 Exemplis
2181 1397 2220 1419 hu·

1996 1440 2002 1446 ,
2035 1423 2068 1444 ins
2079 1423 2149 1445 buttae
2159 1424 2219 1446 credi

2035 1450 2100 1471 iubat.

2084 1663 2220 1684 Sanctionem

1974 1708 1980 1714 ,
2034 1690 2145 1717 poenatem
2154 1689 2219 1711 addit.

2060 2514 2143 2546 llulutlo
2158 2518 2217 2545 pra·-

502 2560 594 2602 ‹ipue
616 2572 690 2593 vero
709 2562 842 2594 fratrum
865 2568 1049 2595 nostrorum
1069 2563 1239 2606 episcopo·
1278 2563 1351 2602 uilia
1373 2563 1550 2596 Nativittttis
1580 2563 1611 2596 l).
1637 2563 1671 2596 N.
1701 2563 1768 2596 lesu
1798 2561 1910 2594 Christi
1943 2571 2017 2594 anni
2033 2541 2104 2589 iiii-¹¹¹⁰

2239 2811 2242 2837 l

2031 270 2080 298 An.
2097 270 2125 298 C.
2147 271 2214 299 1599
