2253 3195
449 222 514 256 900
996 236 1178 260 nt‘LLARtmt
1203 236 1356 260 nonanus«

490 294 610 328 dictum
631 305 649 327 a
669 294 812 328 censuris
841 295 988 337 absolvit,
1011 294 1075 329 673
1093 296 1120 329 b.
1145 296 1317 331 Canonizat
1339 296 1369 331 S.
1389 297 1614 342 Raymundum
1641 298 1945 341 Bai-chinonensem

490 347 618 381 Ordinis
638 347 912 389 Praedicatorum‚
930 347 993 381 087
1008 348 1034 382 b.
1055 349 1132 383 Octo
1146 350 1287 383 decimas
1305 361 1402 394 super
1422 351 1580 384 fructibus
1596 351 1827 385 beneficiorum
1846 353 1948 386 eecle-

490 400 694 433 siastieorum
717 400 748 433 in
759 401 909 434 Dominio
923 401 1115 435 Venetorum
1131 403 1269 447 imponit
1289 414 1347 447 pro
1361 403 1504 437 subsidio
1519 414 1729 448 expensarum
1742 405 1819 438 belli
1839 412 1950 440 contra

491 453 620 494 Tureas‚
649 453 707 486 751
733 464 763 486 a.
787 454 986 488 Breviarium
1008 456 1189 489 Romanum
1208 467 1226 489 a
1243 456 1299 489 Pio
1319 457 1342 489 V
1364 457 1584 498 emendatum,
1605 462 1635 490 et
1652 463 1763 501 postea
1786 459 1951 492 nonnullis

492 505 525 538 in
545 506 624 539 loeis
641 506 859 547 immutatum,
880 508 1031 548 restituit,
1056 508 1119 542 788
1140 520 1170 542 a.
1190 510 1337 543 Declarat
1356 520 1422 542 non
1441 510 1539 543 licere
1559 520 1618 554 per
1636 510 1758 544 litteras
1777 521 1833 544 seu
1854 511 1951 545 inter-

492 559 646 592 nuncium
677 561 875 594 confessario
905 561 1028 595 absenti
1058 568 1190 606 peecata
1220 563 1499 597 sacramentaliter
1529 562 1692 605 confiteri,
1717 568 1748 597 et
1772 564 1812 597 ab
1837 565 1950 598 eodem

492 612 879 652 absente,ahsolutionem
901 615 1058 655 obtinere,
1079 615 1143 648 855
1165 617 1192 650 b.
1217 616 1319 650 Caroli
1340 616 1466 650 Molinei
1488 627 1587 661 opera
1606 617 1788 661 proscribit,
1813 618 1948 652 faculta-

491 671 622 710 temque
642 677 679 699 ea
695 667 824 710 legendi
845 668 978 701 concedi
1000 674 1095 710 vetat,
1120 668 1183 703 8:38
1205 681 1235 702 α.

403 717 515 751 Clerici
536 719 619 753 male
638 720 791 763 promoti.
815 720 920 754 Sixtus
933 722 955 754 V
976 722 1098 755 bullam
1118 723 1379 766 promulgaverat
1399 729 1512 757 contra
1529 724 1663 757 clericos
1684 725 1767 757 male
1786 730 1953 768 promotos

493 777 525 804 et
544 778 658 806 contra
688 780 926 817 promoventes,
950 774 1015 808 254
1036 776 1064 808 b.
1087 775 1177 809 Hanc
1208 777 1396 810 moderatur
1423 777 1568 811 Clemens
1587 777 1662 816 Vnt,
1693 777 1883 821 reducitque
1912 778 1952 811 ad

495 826 650 859 terminos
669 837 834 860 sacrorum
857 838 1035 869 canonum,
1064 829 1171 862 bullae
1191 829 1238 862 Pii
1263 828 1288 863 tl
1309 835 1340 863 et
1364 830 1496 864 Concilii
1517 830 1706 872 Tridentini,
1729 830 1809 864 ibid.
1841 830 1952 865 Clerici

493 878 524 911 in
549 880 691 924 propriis
713 880 805 913 terris
822 880 908 914 licite
929 882 1159 924 agriculturam
1180 888 1315 927 possunt
1335 894 1495 923 exercere,
1519 883 1584 917 624
1599 895 1630 917 α.

404 931 516 965 Clerici
537 933 717 967 saeculares
738 933 770 967 in
792 935 957 968 communi
979 935 1128 969 viventes.
1158 936 1192 969 V.
1216 936 1428 979 Congregatio
1446 937 1505 970 sub
1526 937 1745 978 invocatione,
1766 941 1821 971 ete.

405 983 533 1018 clericis
557 986 762 1028 regularibus
785 987 922 1021 infirmis
947 988 1202 1022 ministrantibus
1238 990 1371 1023 facultas
1400 990 1589 1024 conceditur
1612 990 1788 1034 recipiendi
1817 989 1954 1024 novitios

495 1039 534 1072 ad
559 1039 717 1081 habitum,
745 1051 809 1074 non
836 1047 1001 1086 expectato
1026 1042 1171 1086 Capitulo
1197 1043 1338 1085 generali
1365 1043 1412 1076 rel
1436 1043 1638 1087 provinciali,
1666 1042 1730 1077 108
1751 1043 1779 1077 b.

406 1092 497 1126 Clero
517 1092 680 1126 Saeculari
697 1104 871 1137 regnorum
898 1095 1125 1139 Hispaniarum
1149 1097 1290 1130 Pontifex
1310 1107 1368 1140 per
1384 1108 1457 1130 suas
1477 1097 1600 1131 litteras
1620 1098 1839 1131 declaraverat
1859 1107 1954 1142 prac-

496 1146 678 1180 cedentiam
699 1157 796 1192 super
827 1158 1050 1192 quoscumque
1073 1150 1246 1193 Regulares
1276 1155 1474 1194 competere,
1502 1149 1566 1184 879
1596 1162 1617 1183 a
1637 1155 1668 1184 et
1697 1151 1725 1184 b.
1749 1151 1826 1185 Cum
1846 1155 1953 1193 autem

499 1199 673 1242 Regulares
690 1201 949 1246 praecedentiam
967 1202 1028 1235 sihi
1047 1209 1199 1245 arrogent
1217 1203 1248 1236 in
1271 1203 1336 1237 suis
1357 1204 1512 1243 ecelesiis,
1543 1203 1607 1237 880
1624 1215 1643 1237 a
1656 1231 1663 1245 ,
1687 1203 1830 1238 Pontifex
1850 1203 1956 1237 decla-

498 1259 547 1286 rat
564 1254 651 1288 clero
672 1255 828 1288 saeculari
847 1266 917 1288 eam
936 1262 1092 1299 spectare,
1115 1256 1195 1290 ibid.

408 1306 653 1341 Caeremoniale
670 1307 915 1353 Episcoporum.
932 1310 1077 1343 Clemens
1094 1310 1156 1343 Vll}
1180 1310 1366 1343 Pontificale
1380 1311 1589 1344 reformatum
1606 1310 1725 1351 edidit3
1750 1311 1867 1345 deinde
1879 1310 1955 1345 Cae-

499 1360 678 1394 remoniale
695 1361 927 1406 Episcoporum
950 1363 1119 1396 reformari
1141 1363 1275 1402 curarit,
1307 1362 1370 1395 597
1388 1374 1428 1403 a,·
1455 1363 1599 1407 illudque
1628 1363 1746 1397 servari
1777 1362 1954 1408 praecepit,

499 1413 578 1447 ibid.
598 1413 638 1455 b,·
661 1420 690 1447 et
711 1414 873 1448 immutari
896 1415 1019 1457 vetavit,
1035 1415 1114 1448 ibid.
1129 1415 1267 1459 Antiqua
1288 1415 1499 1449 nihilominus
1519 1416 1778 1458 caeremonialia,
1801 1415 1878 1450 huic
1893 1426 1956 1450 non

501 1467 673 1508 contraria,
696 1468 852 1512 permisit,
882 1468 961 1502 ibid.

409 1520 568 1554 Collector
585 1520 781 1565 Spoliorum.
809 1521 885 1555 Orta
906 1522 1125 1556 controversia
1145 1522 1229 1556 inter
1249 1523 1527 1568 arehiepiscopum
1547 1523 1754 1557 Elborensem
1773 1528 1804 1556 et.
1815 1522 1957 1557 Militiam

499 1573 529 1608 S.
550 1574 714 1608 Benedicti
734 1575 772 1608 de
789 1575 863 1609 Avis
880 1586 978 1620 super
996 1576 1065 1609 iure
1083 1576 1242 1616 visitandi,
1266 1580 1337 1617 ela,
1360 1576 1424 1610 4:38
1443 1577 1460 1610 b
1475 1603 1482 1617 ‚
1513 1577 1659 1611 Clemens
1675 1575 1861 1610 huiusmodi
1882 1586 1958 1609 cau-

498 1637 551 1660 sae
569 1627 787 1670 cognitionem
804 1629 1009 1662 commiserat
1032 1629 1234 1663 Ferdinando
1259 1629 1424 1663 Tabernae
1441 1629 1620 1674 spoliorum
1644 1629 1820 1670 collectori,
1843 1628 1907 1663 439
1923 1639 1954 1663 a.

501 1681 543 1713 Eo
564 1687 670 1714 autem
704 1681 736 1714 in
767 1682 888 1715 ltaliam
920 1688 1116 1724 revertente,
1149 1683 1299 1726 Targensi
1329 1683 1480 1727 episcopo
1507 1683 1678 1716 mandatur
1712 1689 1746 1716 ut
1775 1688 1959 1716 controver-

499 1733 578 1766 siam
599 1745 786 1778 suspensam
817 1735 969 1775 declaret,
997 1736 1100 1769 donee
1122 1746 1222 1769 novus
1240 1736 1393 1770 collector
1419 1736 1495 1770 illue
1523 1735 1707 1780 perveniat,
1738 1735 1818 1769 ibid.
1842 1734 1880 1778 b)
1907 1735 1957 1770 cui

501 1785 644 1820 eiusdem
666 1799 780 1821 causae
801 1799 934 1822 examen
957 1794 988 1822 et
1008 1789 1206 1823 decisionem
1228 1789 1412 1831 demandat,
1436 1788 1500 1822 440
1520 1799 1550 1822 α.

412 1839 551 1880 Collegia
571 1845 602 1873 et
621 1840 801 1874 Seminaria
822 1841 963 1875 nationis
978 1842 1171 1884 Anglicanae
1190 1849 1297 1876 erecta
1311 1842 1342 1875 in
1360 1842 1512 1887 Hispania
1529 1848 1559 1876 et.
1581 1842 1609 1875 in
1631 1842 1777 1886 partibus
1797 1841 1960 1876 inferioris

502 1892 692 1927 Germaniae
724 1895 942 1928 reformantur
962 1896 1001 1928 ad
1030 1906 1176 1929 normam
1199 1895 1326 1938 collegii
1355 1895 1498 1929 ciusdem
1530 1895 1670 1929 nationis
1703 1896 1822 1929 Romae
1847 1895 1957 1937 erecti,

504 1945 562 1978 521
583 1947 610 1979 b.
635 1947 780 1981 Alumuis
801 1948 895 1982 datur
915 1948 1051 1991 seligere
1066 1949 1145 1982 duos
1165 1949 1260 1983 festos
1281 1959 1316 1983 ex
1332 1949 1518 1994 approbatis
1537 1949 1727 1983 Sanctorum
1749 1949 1958 1993 Angelorum,

505 1998 582 2032 ibid.
607 2005 635 2032 et
653 2010 717 2044 seq.

415 2051 601 2094 Collegiales
618 2053 743 2095 collegii
764 2054 964 2088 medii-orum
992 2055 1126 2088 civitatis
1154 2055 1409 2095 Mediolanensis,
1434 2055 1518 2088 iuxta
1544 2060 1674 2096 statuta,
1704 2055 1959 2100 experimentum

504 2105 680 2139 nobilitatis
701 2112 731 2139 et
752 2107 917 2141 doctrinae
939 2108 1042 2141 faeere
1063 2109 1192 2146 (lubeat,
1216 2107 1280 2141 33ss
1301 2109 1329 2142 b.
1353 2108 1509 2142 Creantur
1533 2120 1550 2141 a
1571 2108 1725 2143 Pontifice
1746 2108 1878 2144 comites
1898 2109 1962 2142 La-

507 2164 690 2192 tet-anenses
710 2166 739 2193 et
761 2162 898 2194 Auratae
919 2161 1046 2195 Militiae
1065 2162 1201 2204 equites,
1222 2161 1285 2196 :3:37
1305 2172 1344 2199 a:
1367 2173 1438 2194 cum
1461 2162 1647 2206 privilegiis,
1666 2161 1809 2205 insigniis
1829 2167 1859 2196 ct
1877 2168 1961 2196 veste

506 2213 649 2256 propria,
674 2212 752 2246 ibid.
777 2220 806 2247 et
827 2214 854 2247 b.

417 2263 590 2306 Collegium
617 2276 793 2309 puerorum
821 2277 855 2299 cx
883 2278 1000 2307 genere
1026 2267 1222 2301 Maurorum.
1259 2268 1424 2312 Philippus
1447 2278 1512 2307 rex,
1532 2268 1571 2301 ad
1600 2269 1842 2312 propagandam
1864 2267 1960 2303 fidem

505 2316 695 2351 catholicam
723 2319 805 2352 iuter
826 2319 908 2352 tilios
929 2320 1123 2359 Maurorum,
1152 2320 1230 2362 erigi
1252 2321 1355 2354 stude-t
1375 2320 1404 2353 iu
1428 2331 1527 2363 regno
1545 2321 1706 2355 Valentiac
1723 2332 1822 2355 uuum
1844 2332 1962 2365 puero·

508 2382 590 2410 riuu,
611 2372 746 2405 altorum
767 2374 945 2416 puellarum
965 2373 1187 2414 seminarium,
1209 2373 1282 2407 7⁸4.
1310 2373 1347 2407 lis
1368 2374 1539 2407 nonnullas
1556 2374 1726 2419 pensiones
1746 2374 1785 2407 ah
1806 2374 1964 2419 archiepi-

507 2435 605 2468 scopo
629 2426 842 2459 l'aleutiueusi
877 2426 937 2459 iam
960 2427 1155 2470 ‹lepesitatas
1176 2438 1233 2470 pro
1254 2427 1416 2460 erectione
1442 2427 1668 2471 parochiarum
1694 2428 1771 2472 petit
1793 2427 1960 2472 applicari,

509 2478 586 2511 ibid,
612 2479 628 2509 b
649 2485 676 2511 vt
696 2491 760 2523 seq.
786 2480 869 2523 Papa
897 2480 1020 2512 veniam
1048 2481 1099 2513 ilat
1121 2480 1365 2525 archiepiscopo
1386 2491 1439 2513 eas
1460 2480 1662 2524 applicandi,
1687 2480 1750 2514 785
1769 2492 1808 2522 a,
1831 2481 1960 2516 adiudi-

509 2536 578 2563 ‹rata
599 2531 702 2564 viclo-ru
724 2533 968 2577 archiepiscopo
989 2533 1177 2567 ouuiiiuoda
1198 2545 1295 2580 super
1309 2533 1357 2566 his
1376 2533 1558 2567 seminariis
1578 2534 1782 2575 auctoritate,
1806 2534 1884 2569 ibid.
1909 2535 1937 2568 b.

421 2583 597 2625 Collegium
627 2585 899 2619 't'hcutouicotuiu
938 2587 967 2619 iu
994 2587 1114 2631 oppidu
1144 2588 1329 2627 Mosecauo,
1353 2587 1384 2620 iu
1405 2587 1558 2621 comitatu
1579 2587 1750 2629 llorneusi,
1779 2587 1964 2622 Leodieusis

510 2637 675 2672 dioecesis.
705 2639 880 2685 Episcopus
913 2640 1097 2674 hoodieusis
1117 2640 1276 2689 optimum
1308 2641 1375 2676 sore
1407 2646 1497 2687 putat
1526 2641 1550 2674 si
1577 2641 1619 2674 ibi
1640 2641 1811 2685 collegium
1832 2640 1962 2687 aliquod
