2253 3195
0 254 36 279 ln.
57 252 85 277 (l.
101 249 165 277 1602

7 631 94 652 Examen
110 630 164 656 ipso-

0 663 37 683 um;

0 1848 82 1869 AEtaiem
97 1851 118 1870 et
131 1850 163 1871 111-

0 1877 103 1900 naturam,

797 253 945 276 CLEMENS
965 252 1023 275 Vlll
1044 253 1093 275 PP.

182 298 213 330 in
234 299 312 331 alias
337 299 523 341 designatis,
546 311 641 343 quam
664 312 750 333 nunc
772 307 802 333 et
819 301 922 344 impo-

180 356 300 384 sterum
327 353 366 385 ad
392 353 452 385 hoc
483 353 689 395 designandis
717 353 921 387 monasteriis

181 410 211 437 et
231 405 461 445 conventibus,
492 406 581 445 haec,
613 418 696 450 quac
727 412 918 450 sequuntur,

180 457 331 491 inviolate
367 459 529 492 observari
556 465 586 493 et
618 461 731 504 exequi
764 466 921 504 perpetuo

181 517 303 544 curent.

225 566 241 605 g
263 563 315 596 ⁹20.
344 565 498 603 Primum.
520 566 607 609 quod
635 566 747 599 attinet
773 567 813 599 ad
834 567 922 599 novi-

180 616 299 650 tiorum
322 618 581 661 recipiendorum
602 621 750 659 termam,
779 620 863 652 ultra
876 620 923 652 di-

180 669 331 711 ligentem
360 672 639 714 pe1·quisitionem,
669 683 751 715 quac
775 673 922 705 habenda

181 722 242 755 erit
262 723 300 756 de
316 724 568 768 uniuscuiusque
589 725 760 765 natalibus,
778 725 922 769 corporis

180 775 381 817 habitudine,
406 777 551 810 moribus
572 784 601 810 et
624 778 687 811 vita
705 783 862 818 anteacta,
886 789 923 811 ac

180 829 354 874 praecipue
384 841 509 871 eorum,
539 831 594 875 qui
615 837 738 864 sextum
760 832 920 865 decimum

180 883 292 916 aetatis
311 894 388 916 suae
417 895 537 916 annum
559 885 726 925 excedent,
755 896 794 918 an
816 885 923 918 crimi-

180 936 261 977 nosi,
273 947 313 969 an
323 947 396 970 aere
408 937 513 970 alieno
528 938 660 980 gravati,
674 938 720 971 vel
738 938 923 971 reddendae

179 988 315 1022 alicuius
338 990 626 1024 administrationis
647 991 763 1024 rationi
793 992 922 1025 obnoxii

179 1042 242 1075 sint
264 1043 371 1085 <iuxta
400 1044 536 1077 sormam
567 1044 805 1078 constitutionis
825 1045 924 1079 l'elicis

179 1097 414 1131 recordationis
423 1098 499 1131 Sixii
507 1098 529 1130 V
541 1105 571 1131 et
581 1098 925 1132 moderationumsub-

179 1152 388 1193 secutarum),
397 1151 475 1184 illud
487 1151 580 1184 etiam
592 1151 832 1194 superioresad
844 1163 925 1196 quos

179 1204 347 1247 spectabit,
363 1204 476 1237 sedulo
494 1204 693 1247 perquirant,
706 1211 740 1237 ut
757 1205 874 1248 quilius
893 1205 923 1238 in

180 1257 383 1290 monasteriis
403 1263 433 1290 et
454 1257 664 1290 conventibus
689 1268 725 1290 ex
749 1258 923 1301 apostolica

180 1310 329 1343 facultate
349 1310 521 1343 novitiatus
543 1310 661 1343 suerint
679 1311 825 1351 instituti,
843 1312 873 1344 in
887 1312 924 1345 iis

180 1364 221 1396 ad
239 1364 430 1406 religionem
451 1365 559 1397 nullus
577 1364 788 1408 imposterum
810 1365 924 1398 admit-

181 1423 276 1457 tatur,
294 1417 392 1461 quiet
414 1428 450 1450 ex
464 1417 606 1451 honestis
626 1418 815 1461 parentibus
832 1425 924 1452 natus

180 1482 245 1505 non
263 1471 313 1511 sit,
338 1477 369 1504 et
389 1471 591 1504 conditiones
608 1471 707 1504 sacris
732 1472 920 1512 canonibus,

179 1526 453 1568 Summorumque
473 1525 666 1558 Pontificum
688 1526 924 1559 constitutioni-

179 1579 238 1612 bus
255 1579 469 1623 praescriptas
482 1589 547 1612 non
565 1579 692 1619 habeat,
708 1579 794 1612 iuxta
812 1580 924 1613 decre—

181 1638 246 1665 tum
268 1642 365 1676 super
381 1633 486 1665 forma
506 1632 682 1676 recipiendi
702 1632 851 1673 novitios,
873 1633 923 1666 die

178 1696 233 1719 xm
253 1685 328 1718 maii
350 1695 441 1719 nucu
463 1685 585 1718 editum
599 1686 618 1718 ¹.

224 1741 241 1782 ξ
266 1738 318 1772 21.
349 1740 490 1783 Quisque
523 1739 728 1783 recipiendus
754 1739 786 1772 in
814 1739 923 1783 aliquo

179 1793 298 1826 Ordine
312 1793 464 1835 regulari,
489 1793 585 1826 etiam
607 1793 869 1833 blendia-antium,
891 1793 922 1825 in

180 1857 217 1879 ea
237 1846 277 1879 sit
305 1852 408 1879 aetate
429 1845 642 1886 constitutus,
667 1856 763 1889 quain
783 1845 851 1878 eius
867 1846 924 1879 Or—

180 1899 274 1939 dinis,
299 1899 332 1932 in
353 1909 417 1943 quo
436 1898 621 1942 recipietur,
646 1898 808 1941 regularia
833 1899 922 1931 insti-

180 1958 247 1986 tuta
271 1958 302 1985 et
322 1952 543 1985 ordinationes
563 1951 827 1995 requirunueam
848 1962 923 1984 vero

179 2005 358 2039 litterarum
373 2005 539 2038 scientiam
558 2005 682 2045 calleat,
696 2011 749 2038 aut
766 2004 851 2037 illius
869 2005 924 2037 atl-

180 2059 351 2092 discendac
369 2069 458 2101 spem
479 2058 646 2091 indubiam
663 2057 867 2101 praeseferat,
890 2063 925 2090 ut

153 2108 156 2110 ’
179 2113 320 2145 1111110105
332 2111 444 2151 et,suis
458 2111 668 2155 temporibus,
684 2111 821 2144 maiores
835 2111 924 2144 ordi-

179 2176 246 2205 nes,
259 2164 921 2205 1111111111001011150011(1011011ἰίΤ1-11101111111,

180 2218 344 2262 suscipere
364 2218 476 2251 valeat.
495 2218 557 2251 Sed
571 2218 595 2250 si
610 2217 681 2261 quis
696 2228 817 2250 annum
838 2217 924 2260 vige-

179 2271 448 2315 simumquintum
471 2272 628 2304 excedens
650 2271 689 2303 :td
711 2270 857 2303 habitum
875 2282 925 2304 re-

179 2325 324 2367 gularem
356 2324 482 2357 admitti
518 2324 751 2368 postulaverit,
791 2329 822 2356 ct
855 2323 924 2356 talis

181 2377 374 2411 eruditionis
389 2388 501 2420 expers
516 2377 663 2410 inventus
678 2376 783 2417 l'uerit,
806 2377 836 2409 in
851 2387 926 2410 con-

180 2441 347 2463 versorum
358 2435 480 2463 tantum
491 2429 809 2473 (quibuslitterarum
822 2429 925 2462 scicn-

183 2484 226 2516 tia
246 2494 311 2516 non
332 2489 380 2516 cst
400 2483 604 2526 necessaria)
631 2493 803 2515 numerum
838 2484 926 2515 rel'c-

180 2542 279 2570 ratur.
296 2536 357 2580 Ipsi
368 2542 474 2569 autem
489 2536 632 2570 conversi
652 2546 716 2569 11011
730 2535 927 2579 recipiantur

180 2594 253 2622 ante
274 2589 463 2632 vigesimum
485 2589 596 2622 aetatis
616 2600 692 2622 suae
713 2599 850 2629 annum,
866 2588 925 2621 nisi

217 2653 227 2678 1
251 2652 309 2679 lloc
329 2651 471 2679 decretum
491 2655 532 2679 est
551 2651 623 2687 quod
644 2650 793 2687 praecedit.

1605 238 1668 270 773

957 299 1068 332 saltem
1101 299 1275 342 praecisura
1302 297 1471 331 Doctrinae
1500 296 1697 330 Christianae

957 352 1061 395 capita
1082 352 1238 385 noverint.

1002 406 1018 446 ξ
1039 404 1091 437 Ἡ.
1114 406 1246 438 Demum
1261 404 1444 447 superiores
1456 403 1627 445 diligenter
1644 413 1697 435 ex-

957 458 1107 501 quirant,
1131 469 1196 502 quo
1216 457 1341 501 spiritu,
1365 469 1429 501 qua
1453 462 1559 490 mente
1580 467 1617 488 ac
1639 466 1694 488 vo-

957 513 1077 545 luntate
1092 512 1122 544 id
1137 511 1291 553 regularis
1310 511 1390 544 vitae
1411 520 1511 553 genus
1528 509 1695 552 elegerint,

957 577 1053 609 quem
1078 566 1138 598 sibi
1160 566 1258 598 finem
1273 564 1514 608 proposuerint,
1538 574 1614 596 num
1629 563 1697 595 zelo

959 619 1101 652 melioris
1132 618 1241 661 frugis,
1266 629 1302 651 ac
1322 617 1525 661 perfectioris
1551 616 1644 655 vitae,
1669 620 1713 647 et:

958 679 992 706 111
1016 673 1079 705 Deo
1106 672 1238 704 liberius
1260 671 1408 704 famulari
1429 670 1563 714 possint,
1588 680 1628 701 an
1642 679 1700 712 po-

960 726 1020 758 tius
1041 724 1167 758 levitate
1189 725 1235 757 vel
1262 724 1406 757 humano
1427 723 1537 766 aliquo
1558 722 1673 754 affectu
1689 748 1696 761 ,

958 784 1011 812 aut
1030 778 1215 811 inordinato
1240 777 1339 810 animi
1361 783 1450 810 motu
1472 777 1645 815 ducantur,
1670 780 1701 807 et

958 842 997 863 an
1019 842 1130 864 eorum
1156 836 1305 873 parentes
1326 841 1386 873 ope
1407 836 1435 862 et
1457 828 1601 862 subsidio
1616 828 1700 871 ipso-

958 895 1030 917 rum
1053 884 1233 926 indigentes
1254 883 1479 916 destituantur,

1004 941 1019 980 ξ
1051 938 1103 970 23.
1139 937 1332 970 Provideant
1363 946 1493 980 quoque
1525 941 1559 967 ut
1588 945 1700 967 omnes

959 992 1053 1026 etiam
1074 990 1218 1024 conversi
1240 989 1427 1033 recipiendi,
1451 989 1639 1033 priusquam
1661 988 1700 1020 ad

959 1045 1104 1078 habitum
1126 1044 1309 1086 regularem
1334 1042 1566 1082 admittantur,
1588 1042 1626 1074 ab
1648 1041 1697 1080 iis,

960 1097 1078 1141 quibus
1099 1107 1216 1129 munus
1242 1096 1304 1129 hoc
1331 1095 1499 1135 incumbit,
1523 1095 1562 1128 de
1590 1095 1701 1136 regula

960 1161 1056 1194 quam
1078 1149 1252 1193 professuri
1272 1155 1356 1189 sunt,
1381 1148 1482 1181 tribus
1503 1147 1583 1180 votis
1597 1158 1702 1180 essen-

961 1203 1099 1242 tialibus,
1123 1208 1272 1245 statuque
1294 1201 1448 1243 regulari,
1469 1206 1499 1233 et
1513 1200 1582 1233 aliis
1596 1200 1702 1233 cuius-

961 1268 1022 1301 que
1043 1256 1171 1289 Ordinis
1185 1255 1403 1299 peculiaribus
1421 1254 1573 1287 institutis
1583 1259 1613 1286 ct
1627 1264 1701 1286 con-

960 1309 1181 1343 stitutionibus
1211 1308 1383 1351 diligenter
1414 1307 1624 1340 instruantur.
1665 1307 1702 1339 Et

960 1363 1035 1407 quia
1056 1362 1272 1406 quarumdam
1300 1361 1494 1403 religionum
1522 1360 1620 1393 moris
1642 1366 1698 1399 est,

959 1417 1078 1450 nedum
1111 1426 1282 1449 conversos
1308 1416 1348 1448 ad
1379 1414 1613 1458 professionem
1647 1414 1703 1446 ad-

960 1470 1144 1509 mittendos,
1168 1479 1279 1501 verum
1309 1473 1339 1500 et
1363 1468 1498 1507 oblatos,
1522 1472 1699 1505 invocant,

960 1523 1115 1566 recipere,
1133 1521 1218 1555 circa
1239 1521 1384 1564 ipsorum
1406 1521 1591 1553 oblatorum
1614 1531 1702 1553 rece-

959 1576 1102 1620 ptionem
1134 1584 1347 1618 unaquaeque
1367 1573 1492 1615 Religio
1510 1583 1583 1606 suas
1604 1584 1702 1617 pecu-

959 1630 1053 1663 liares
1062 1628 1308 1662 constitutiones
1326 1627 1544 1671 specialiaque
1558 1627 1702 1660 instituta

959 1683 1131 1716 observare
1152 1686 1308 1714 teneatur.

1004 1738 1019 1778 ,ξ
1040 1735 1092 1768 22¹1„
1120 1734 1231 1768 Statim
1252 1739 1349 1778 atque
1367 1733 1479 1766 novitii
1498 1734 1538 1767 ad
1552 1733 1698 1766 habitum

959 1789 1090 1832 recepti,
1105 1794 1135 1821 et
1156 1788 1187 1820 111
1209 1789 1315 1820 10011111
1340 1786 1700 1820 novitiatusintroducti

960 1842 1088 1882 suerint,
1117 1852 1174 1885 per
1205 1841 1389 1883 generalem
1415 1840 1561 1873 omnium
1590 1850 1702 1883 pecca-

960 1903 1064 1929 torum
1077 1894 1322 1935 consessionem,
1333 1894 1429 1927 totius
1441 1899 1607 1927 anteactae
1620 1893 1702 1926 vitae

959 1949 1187 1983 conscientiam
1207 1948 1380 1981 discutiant
1400 1953 1430 1981 et
1451 1952 1639 1991 expurgent.

1003 2002 1090 2046 5⁹25.
1121 2002 1212 2041 Quod
1244 2011 1318 2034 vero
1350 2001 1389 2034 ad
1422 2001 1483 2033 loci
1514 2000 1701 2043 qualitatem

959 2057 1212 2100 uniuscuiusque
1233 2055 1405 2089 novitiatus
1436 2060 1578 2098 spectat,
1613 2055 1703 2087 locus

959 2110 1146 2143 huiusmodi
1166 2109 1299 2153 propria
1320 2109 1470 2141 clausura
1494 2108 1533 2140 ab
1556 2119 1591 2140 ca
1613 2113 1704 2151 parte

959 2169 1136 2197 conventus
1161 2168 1193 2196 et
1214 2161 1422 2201 monasterii,
1447 2161 1477 2194 in
1499 2172 1561 2204 qua
1583 2161 1704 2203 degunt

960 2216 1106 2260 professi,
1130 2220 1316 2258 segregatus
1342 2214 1384 2248 sit
1404 2221 1501 2258 atque
1522 2213 1701 2252 distinctus,

960 2270 1141 2312 habeatque
1173 2274 1219 2302 tot
1248 2269 1288 2301 ad
1318 2267 1546 2301 dormiendum
1574 2267 1704 2299 cellulas

959 2328 1132 2366 separatas,
1157 2327 1233 2365 quot
1250 2327 1343 2354 erunt
1357 2331 1493 2354 numero
1518 2319 1641 2360 novitii,
1657 2320 1704 2352 vel

961 2375 1187 2409 dormitorium
1221 2375 1263 2408 ita
1284 2385 1405 2418 capax,
1435 2379 1469 2407 111
1488 2384 1548 2417 pro
1569 2373 1704 2415 siugulis

960 2428 1077 2470 singuli
1102 2427 1211 2461 lectuli
1235 2427 1406 2460 commode
1427 2426 1527 2460 sterni
1555 2426 1701 2470 possint3

962 2482 993 2514 iu
1015 2492 1079 2524 quo
1101 2480 1198 2513 etiam
1225 2480 1353 2520 cellula,
1379 2480 1425 2512 rel
1447 2485 1553 2513 certus
1584 2491 1620 2512 ac
1648 2480 1704 2512 de-

962 2534 1150 2567 terminatus
1181 2534 1270 2566 locus
1291 2544 1349 2577 pro
1376 2533 1547 2575 magistro.
1572 2533 1705 2577 eiusque

960 2588 1048 2621 socio
1063 2587 1256 2631 reperiatur,
1272 2587 1303 2619 in
1317 2597 1355 2620 eo
1366 2587 1475 2627 etiam,
1486 2592 1615 2631 praeter
1626 2587 1705 2620 alias

961 2652 1151 2675 communes
1183 2641 1453 2681 commoditates,
1486 2646 1579 2684 aptus
1616 2641 1704 2673 locus

1714 247 1762 273 An.
1784 247 1812 273 C.
1833 245 1898 273 1002

1762 413 1896 438 (illusamque

1714 442 1813 459 1110111311]
1835 439 1862 459 ad
1878 446 1898 459 e-

1714 467 1825 486 lectionum
1844 466 1898 486 sitae

1714 493 1823 518 regutaris.

1747 942 1900 962 Comei-smum

1716 975 1803 997 examen
1813 970 1833 988 et
1842 968 1901 997 olita-

1716 998 1783 1016 torum
1799 996 1901 1016 instituta:

1744 1737 1902 1757 consessionem

1717 1764 1836 1789 generalem
1845 1764 1903 1784 nori-

1718 1794 1803 1815 liuruuu

1759 2003 1903 2024 Novitiatuum

1718 2030 1805 2050 sormam
1821 2031 1842 2049 et
1852 2036 1903 2056 qua-

1718 2057 1794 2079 litatus
