2253 3195
61 183 110 209 An.
131 180 160 207 C.
177 181 243 208 1593

88 983 140 1004 Oria
155 985 237 1004 cuntro-

54 1010 123 1030 versia
140 1010 193 1030 inter
203 1016 236 1030 ec-

53 1036 236 1066 ctesiasticosaro-

53 1069 161 1085 monensi<
172 1066 192 1084 et
203 1069 236 1083 co-

53 1090 137 1112 minatus
150 1090 237 1111 venais-

54 1117 92 1137 sini
112 1123 138 1137 ac
157 1117 237 1143 legatos

58 1143 120 1165 Sedis
128 1145 165 1170 Ap.
175 1149 237 1170 super

53 1170 132 1197 §polim

874 180 1022 204 CLEMENS
1044 180 1099 203 Vlll
1122 181 1171 203 ΡΡ.

255 227 406 265 sidentes.
432 228 513 261 inter
534 228 644 261 fideles
665 228 836 272 quoslibet,
857 238 1001 271 praeser-

256 281 310 315 tim
333 282 565 316 ecclesiasticos
586 282 638 316 Dei
662 282 836 320 ministros,
858 282 1000 325 aliasque

254 345 406 378 personas
433 335 674 372 ecclesiasticas,
705 336 743 368 ad
775 330 910 368 invicem
940 345 999 378 pro

255 394 399 432 tempore
431 388 632 424 dissidentes.
668 399 779 432 pacem
812 387 995 425 conciliare,

253 442 527 486 concordiamque
548 442 656 484 vigere
674 448 704 474 et
724 441 845 483 augeri,
867 441 999 474 sinceris

253 495 471 528 desiderantes
491 495 668 531 affectibus,
692 494 745 527 illa
766 505 848 538 quae
868 501 998 538 propte-

254 559 306 581 rea
329 548 521 592 processisse
543 548 704 584 dicuntur.
725 558 765 581 ne
786 548 817 580 in
839 547 997 580 recidivae

253 601 466 634 contentionis
495 602 681 645 scrupulum
716 602 918 639 relabantur,
942 602 998 634 scd

253 654 347 688 firma
377 661 536 699 perpetuo
557 660 588 688 et
617 655 737 688 illibata
758 654 937 699 persistant,
963 655 997 687 li-

253 709 376 749 benter,
401 719 474 742 cum
496 720 513 742 a
544 708 637 742 nobis
666 709 796 753 petitur,
820 709 998 753 apostolico

254 762 432 796 munimine
452 763 656 804 roboramus,
682 763 830 807 ipsosque
862 762 917 796 Dei
939 762 997 795 mi-

253 817 371 851 nistros
391 818 431 850 ab
452 817 603 851 indebitis
625 817 789 857 molestiis,
805 818 881 850 dum
904 817 935 850 id
947 827 998 850 ae-

253 870 357 915 quitas
376 871 513 904 suadere
532 871 669 917 videtur,
691 871 905 904 sublevamus.

297 926 314 967 g
336 923 366 957 l.
390 924 471 958 Sane
492 924 584 957 nobis
604 935 709 967 nuper
729 935 787 968 pro
808 930 898 968 parte
920 924 998 957 dile-

253 984 378 1012 ctorum
390 977 532 1011 filiorum
547 978 623 1011 cleri
635 977 913 1021 singulariumque
926 989 998 1021 per-

252 1042 405 1065 sonarum
426 1031 714 1065 ecclesiasticarum
737 1031 768 1064 in
789 1031 907 1065 nostris
924 1032 998 1064 civi-

255 1091 317 1118 tate
337 1085 549 1118 Avenionensi
578 1090 609 1118 et
637 1085 791 1118 comitatu
811 1085 997 1119 Venaissino

253 1138 437 1182 degentium
454 1139 632 1183 expositum
647 1139 704 1172 suit
717 1139 803 1183 quod
817 1139 905 1177 alias,
925 1150 997 1172 cum

252 1192 312 1232 his,
337 1198 368 1226 et
385 1203 480 1226 causa
497 1203 534 1226 ac
554 1192 770 1226 controversia
792 1193 897 1237 primo
916 1193 998 1226 inter

252 1247 355 1280 bonae
386 1247 562 1280 memoriae
588 1246 794 1280 Franciscum
825 1247 863 1280 de
884 1247 994 1280 Claro-

252 1306 371 1341 monte‚
393 1301 422 1334 S.
447 1300 482 1333 R.
504 1300 536 1333 E.
564 1299 772 1336 cardinalem,
798 1306 872 1333 tunc
894 1301 924 1333 in
946 1301 994 1334 ci-

250 1351 346 1385 vitate
366 1357 396 1385 et
416 1351 569 1384 comitatu
594 1351 766 1395 praedictis
794 1352 996 1395 Apostolicae

250 1405 340 1440 Sedis
357 1406 497 1449 legatum
512 1406 551 1439 de
566 1406 675 1445 latere,
693 1411 724 1439 et
737 1406 864 1447 deinde,
882 1417 919 1440 co
934 1407 996 1440 vita

250 1460 370 1500 functo,
406 1459 489 1492 inter
519 1459 632 1493 similis
664 1459 841 1493 memoriae
861 1461 996 1493 Alexan-

227 1549 230 1551 ,
250 1514 344 1547 drum
366 1512 564 1546 cardinalem
586 1513 625 1546 de
646 1513 797 1546 Farnesio
830 1524 996 1558 nuncupa-

249 1572 329 1607 tum,
346 1566 502 1611 praedicti
516 1566 678 1599 Francisci
700 1566 871 1600 cardinalis
892 1567 923 1600 iu
945 1579 996 1601 ea-

249 1621 323 1653 dem
355 1620 515 1663 legatione
547 1630 779 1662 successorem,
801 1632 838 1654 ex
866 1632 942 1661 una,
966 1627 997 1654 et

248 1673 431 1718 praedictos
452 1674 573 1707 clerum
592 1679 623 1706 et
636 1684 791 1717 personas
804 1674 997 1708 ecclesiasti-

250 1737 302 1760 cas
322 1727 469 1771 partibus
501 1737 537 1760 ex
567 1727 679 1767 altera,
703 1737 801 1771 super
832 1727 997 1761 exactione

250 1780 440 1824 spoliorum,
458 1790 671 1824 personarum
690 1780 993 1822 ecclesiasticarum,

249 1833 464 1867 saecularium
505 1839 536 1867 et
573 1834 772 1876 regularium
810 1834 996 1868 huiusmodi

250 1893 396 1931 tempore
430 1887 560 1920 illorum
593 1887 700 1920 obitus
732 1888 971 1921 remanentium
986 1916 993 1929 ‚

250 1951 332 1985 quae
359 1941 455 1984 legati
479 1942 518 1974 ad
539 1952 572 1975 se
593 1941 716 1974 ratione
736 1941 904 1984 legationis
921 1954 997 1976 suae

249 2000 394 2039 spectare
415 2000 445 2029 et
464 1995 642 2039 pertinere;
663 1995 767 2028 clerus
785 2006 859 2029 vero
877 2003 907 2029 et
925 2008 997 2040 per-

250 2059 348 2082 sonae
370 2049 603 2083 ecclesiasticae
620 2050 803 2093 praedictae
821 2061 854 2083 se
875 2051 914 2084 de
934 2051 996 2085 illis

251 2109 315 2136 tam
337 2102 421 2136 inter
434 2102 521 2136 vivos
542 2114 638 2146 quam
654 2103 685 2136 in
700 2103 812 2136 ultima
833 2105 996 2139 voluntate

250 2156 350 2190 libere
367 2156 550 2200 disponere,
574 2167 679 2200 neque
700 2157 805 2200 ipsum
825 2169 884 2202 pro
910 2164 993 2191 tem-

249 2221 327 2254 pore
348 2210 536 2244 existentem
565 2211 705 2253 legatum
728 2211 760 2243 in
781 2211 842 2244 illis
863 2223 896 2245 se
916 2224 996 2256 quo-

250 2264 427 2298 modolibet
446 2263 660 2297 intromittere
680 2274 773 2308 posse
794 2265 840 2298 vel
863 2265 992 2305 debere,

251 2329 349 2361 seque
362 2317 395 2351 in
407 2317 593 2351 huiusmodi
607 2318 746 2361 practica
761 2324 789 2351 et
809 2319 995 2361 longissime

252 2371 437 2405 continuata
454 2372 666 2416 possessione,
683 2383 738 2405 seu
752 2373 841 2416 quasi
862 2383 929 2406 esse
947 2384 995 2407 as-

251 2425 411 2465 serebant,
444 2426 605 2470 rebusque
632 2425 702 2459 aliis
727 2426 758 2458 in
780 2426 858 2460 actis
878 2437 995 2460 causae

252 2483 462 2512 etcausarum
477 2478 663 2512 huiusmodi
681 2479 775 2513 latius
793 2480 948 2521 deductis,
966 2487 996 2514 et

252 2531 379 2565 illarum
401 2532 569 2566 occasione
600 2532 630 2566 in
658 2534 802 2567 Romana
822 2534 914 2568 Curia
935 2545 991 2568 co-

252 2596 321 2619 ram
343 2591 430 2620 certo
448 2597 616 2621 causarum
635 2587 746 2632 palatii
759 2588 925 2633 apostolici
940 2600 1014 2628 aii-1

1035 227 1137 261 ditore
1159 239 1214 261 seu
1236 228 1473 260 locumtenente
1495 233 1564 260 orta
1593 227 1717 265 suisset,
1742 238 1778 259 ac

1035 281 1149 315 diversi
1171 292 1338 326 processus
1350 291 1446 324 super
1460 281 1508 313 liis
1528 291 1586 324 pro
1608 280 1706 324 ipsius
1725 291 1778 314 ne-

1034 335 1110 377 gotii
1132 341 1161 368 et
1182 345 1296 368 causae
1317 334 1555 368 introductione
1586 345 1643 377 per
1675 339 1778 366 certos

1034 388 1273 421 conmiissaitos
1285 388 1324 421 ad
1344 388 1374 421 id
1395 387 1577 431 specialiter
1594 397 1651 430 per
1664 387 1778 419 Sedent

1034 441 1250 484 Apostolicam
1264 442 1432 485 deputatos
1454 441 1484 473 in
1499 441 1619 474 eisdem
1636 440 1779 484 partibus

1034 494 1116 534 sacti,
1141 500 1169 527 et
1191 495 1230 527 ad
1263 495 1410 527 eamdem
1432 494 1555 527 curiam
1586 493 1775 534 transmissi„

1033 554 1060 580 et
1077 548 1107 580 in
1127 548 1311 581 huiusmodi
1327 560 1421 581 causa
1435 549 1473 581 ad
1488 548 1661 581 nonnullos
1675 553 1775 585 actus,

1033 601 1111 634 citra
1123 607 1228 634 tamen
1242 601 1326 634 illius
1340 601 1593 639 conclusionen‘i,
1607 602 1777 634 deventum

1033 655 1159 695 suisse13
1184 655 1313 687 tandem
1347 655 1524 687 Alexander
1552 654 1723 687 cardinalis
1750 660 1781 688 et

1032 709 1155 752 legatus
1176 720 1212 741 ac
1233 709 1337 741 clerus
1358 708 1525 752 praedicti,
1543 708 1713 741 ulteriores
1735 708 1776 741 li-

1033 763 1111 796 tium
1130 763 1304 801 anfractus,
1330 763 1456 795 labores
1483 768 1513 795 ct
1534 762 1703 806 dispendia
1733 762 1779 794 vi-

1033 823 1099 850 tare
1117 818 1270 858 volentes,
1295 817 1334 849 ad
1355 822 1474 850 certam
1490 816 1698 849 concordiam
1724 827 1780 849 seu

1035 870 1294 910 transactionem,
1318 871 1376 903 sub
1399 876 1505 903 tamen
1527 869 1672 903 eiusdem
1690 869 1780 903 Sedis

1033 924 1248 968 beneplacito,
1273 925 1481 963 devenerunt,
1506 934 1563 967 por
1583 934 1679 967 quam
1698 923 1781 956 inter

1033 978 1091 1011 alia
1123 978 1227 1011 dictus
1255 978 1435 1011 Alexander
1469 976 1641 1010 cardinalis
1670 976 1717 1010 liti
1750 982 1781 1009 et

1033 1041 1146 1064 causae
1159 1030 1341 1074 praedictis,
1360 1030 1467 1063 tamin
1480 1030 1563 1063 dicta
1577 1030 1667 1063 curia
1683 1040 1779 1074 quam

1033 1086 1140 1118 forsan
1162 1090 1249 1117 extra
1270 1095 1340 1117 eam
1367 1090 1398 1117 et
1427 1084 1505 1117 alias
1535 1084 1781 1127 quomodolibet

1032 1138 1259 1183 pendentibus,
1285 1138 1315 1170 in
1337 1148 1543 1181 quocumque
1565 1143 1648 1170 statu
1678 1143 1709 1171 et
1732 1138 1780 1170 in-

1032 1193 1147 1225 stantia
1168 1192 1400 1236 reperirentur,
1424 1202 1482 1224 nec
1514 1201 1579 1224 non
1601 1191 1662 1223 iuri
1685 1197 1715 1224 et
1736 1192 1780 1224 sa-

1032 1246 1142 1279 cultati
1161 1245 1308 1288 exigendi
1332 1246 1416 1278 dicta
1444 1245 1558 1289 spolia,
1585 1251 1648 1278 tam
1670 1245 1779 1287 vigore

1032 1300 1275 1344 privilegiorum
1296 1299 1356 1332 sibi
1376 1299 1407 1331 in
1427 1299 1491 1331 vim
1511 1309 1588 1332 suae
1610 1299 1780 1341 legationis

1031 1364 1274 1394 concessorum,
1310 1364 1406 1397 quarn
1437 1358 1576 1386 assertae
1608 1352 1780 1386 diuturnae

1031 1408 1242 1452 possessionis
1261 1418 1317 1440 seu
1335 1407 1437 1451 quasi,
1459 1417 1518 1440 nec
1539 1416 1605 1440 non
1626 1417 1780 1450 quarum-

1031 1472 1170 1505 cumque
1191 1461 1371 1494 litterarum
1393 1460 1644 1504 apostolicarum
1670 1471 1688 1494 a
1708 1460 1780 1504 qui-

1031 1516 1232 1559 buscumque
1260 1515 1412 1548 Romanis
1432 1514 1652 1555 Pontificibus,
1683 1514 1778 1548 etiam

1031 1580 1048 1602 a
1069 1569 1169 1602 felicis
1194 1569 1428 1602 recordationis
1456 1569 1556 1601 Paulo
1576 1569 1661 1612 Papa
1681 1569 1720 1602 III
1749 1575 1780 1601 et

1030 1623 1110 1656 lulio
1139 1623 1235 1655 etiam
1256 1623 1294 1656 ΙΙΙ
1314 1622 1616 1666 praedecessoribus
1641 1622 1775 1662 nostris,

1032 1677 1063 1709 in
1085 1676 1228 1710 eiusdem
1247 1676 1418 1709 Alexandri
1440 1675 1613 1708 cardinalis
1631 1681 1662 1709 et
1682 1676 1778 1718 legati

1032 1730 1184 1770 savorem,
1201 1735 1232 1762 et
1245 1729 1396 1762 adversus
1414 1728 1499 1772 ipsos
1520 1729 1642 1762 clerum
1664 1735 1694 1762 et
1707 1740 1778 1773 per·

1031 1794 1126 1817 sonas
1146 1783 1376 1816 ecclesiasticas
1407 1783 1510 1827 spolia
1529 1782 1693 1827 praedicta
1713 1794 1778 1817 non

1031 1838 1189 1872 solventes
1210 1849 1266 1871 seu
1280 1839 1479 1871 occultantes
1497 1843 1731 1878 emanatarum,
1749 1844 1779 1871 et

1032 1892 1109 1925 alias
1131 1892 1438 1935 quomodocun‘ique
1463 1891 1722 1935 competentibus
1749 1897 1779 1924 et.

1032 1946 1063 1978 in
1085 1946 1229 1978 futurum
1251 1945 1490 1988 competituris:
1512 1945 1554 1978 ita
1576 1945 1663 1988 quod
1688 1945 1778 1978 nullo

1032 2010 1187 2043 umquam
1206 2004 1352 2042 ternpore
1373 1998 1433 2032 sibi
1452 2004 1507 2031 aut
1526 1998 1591 2031 suis
1612 1999 1643 2031 in
1665 1999 1778 2031 eadem

1032 2052 1191 2095 legatione
1213 2052 1451 2085 successoribus
1469 2052 1518 2085 ius
1539 2052 1570 2084 in
1591 2052 1778 2085 huiusmodi

1031 2106 1142 2150 spoliis
1163 2117 1199 2139 ac
1213 2117 1326 2139 eorum
1345 2106 1534 2139 collectione
1556 2111 1586 2139 et
1606 2117 1779 2150 recupera-

1030 2160 1117 2193 tione
1138 2166 1347 2203 competeret,
1367 2170 1426 2192 nec
1447 2160 1552 2193 clerus
1573 2165 1603 2192 et
1623 2170 1779 2203 personae

1031 2213 1214 2256 praedictae
1235 2224 1291 2246 seu
1309 2223 1421 2246 eorum
1436 2213 1592 2246 haeredes
1604 2218 1634 2245 et
1654 2223 1779 2246 succes-

1030 2277 1128 2305 sores,
1152 2267 1217 2299 ulla
1238 2266 1374 2307 ratione,
1396 2267 1434 2298 ad
1458 2266 1587 2299 illorum
1609 2266 1779 2300 exhibitio—

1030 2331 1103 2353 nem
1132 2326 1160 2353 et
1184 2319 1432 2363 praestationem
1462 2320 1531 2362 cogi
1565 2326 1596 2353 et
1626 2320 1777 2364 compelli

1029 2379 1170 2417 possent,
1198 2373 1229 2406 in
1251 2374 1393 2406 savorem
1424 2374 1614 2407 eorumdem
1641 2373 1718 2407 cleri
1748 2379 1778 2408 et.

1030 2437 1241 2471 personarum
1260 2428 1550 2461 ecclesiasticarum
1573 2428 1683 2468 cessit,
1708 2429 1774 2461 cle-

1031 2544 1116 2567 mam
1146 2534 1233 2568 mille
1265 2540 1430 2568 scutorum
1462 2535 1565 2569 eidem
1597 2535 1777 2569 Alexandro

1030 2589 1184 2622 cardinali
1207 2589 1329 2624 solvere
1353 2595 1382 2623 et
1401 2590 1477 2624 dare
1497 2590 1726 2634 promiserunt,
1747 2595 1778 2624 et

1706 169 1746 201 75
1793 180 1842 206 An.
1863 179 1977 206 c.1593

1809 666 1892 686 Cnrdin.
1902 666 1978 686 Fatuc-

1795 699 1838 713 sius
1851 699 1929 713 causan
1947 699 1978 713 rc-

1795 720 1897 740 nunclans
1914 720 1978 739 totale

1795 747 1827 766 ius
1838 747 1894 767 clero
1909 746 1979 767 cessit.

1819 2433 1891 2454 Clerus
1907 2435 1976 2453 autom

1793 2460 1890 2487 promisit
1905 2459 1924 2480 ei
1936 2459 1976 2479 sol-

1031 2491 1084 2513 rus
1099 2491 1172 2514 vero
1187 2486 1217 2514 et
1229 2481 1310 2514 aliae
1321 2491 1478 2525 personae
1494 2481 1678 2526 praedictae
1691 2492 1778 2515 sum-
1794 2487 1977 2509 veremissoscuta
