2253 3195
42 255 91 283 An.
106 253 134 280 C.
157 252 224 280 1602

855 251 1002 275 CLEMENS
1022 251 1079 274 VIII
1097 251 1135 274 1³1¹
1142 267 1147 273 .

235 300 323 344 ginta
336 300 451 337 libras:
470 300 580 343 viginti
598 301 740 344 quinque
758 300 908 334 videlicet
924 294 978 332 an-

236 350 388 393 tiquas,et
404 349 586 392 quindecim
601 350 783 389 modernas,
800 359 880 393 quas
888 360 978 393 prae-

236 404 319 436 fatus
336 403 510 436 scholaster
528 413 612 436 nunc
637 404 758 436 solvere
785 408 931 442 tenetur,
951 403 975 434 si

239 460 342 488 tamen
371 455 529 498 primitiae
554 455 591 487 ad
619 455 650 487 id
668 456 884 490 sufficiant.ct
904 455 977 487 cafi-

237 509 323 542 cium
352 508 448 541 tritici
479 508 706 541 archidiacono
724 508 835 541 maiori
854 509 977 541 ratione

237 561 424 595 visitationis
438 561 535 604 pilae:
561 561 602 593 ita
621 561 706 604 quod
722 562 905 601 scholaster,
923 561 976 605 qui

235 626 294 659 pro
319 620 461 657 tempore
486 615 592 655 suerit,
612 615 727 647 habeat
746 614 976 658 quinquaginta

235 669 332 701 libras
371 678 429 711 pro
467 678 522 700 sua
555 668 717 701 dotatione
740 695 746 703 ,
788 667 977 700 auctoritate

235 721 421 765 apostolica,
448 722 541 760 sacta,
561 721 686 760 litteras,
706 726 736 753 et
761 721 920 753 immunes
938 720 976 752 ab

234 774 417 808 huiusmodi
451 773 710 806 contributione:
749 784 830 817 quae
866 784 976 806 omnes

233 838 378 862 summac
403 826 501 860 libras
526 833 653 859 centum
680 827 836 866 efficiunt,
864 833 893 859 ct
918 837 975 870 pro

233 881 304 914 dote
328 881 429 913 dictae
454 880 601 917 vicariae,
627 881 762 924 eiusque
779 879 888 913 vicarii
907 890 977 922 per-

233 935 339 978 petui,
368 945 424 978 per
449 934 607 977 praefatos
644 934 905 972 contrit›11ente3‚
932 944 963 965 rc

234 987 371 1032 spective
396 988 541 1031 quolibet
565 998 659 1028 anno,
680 993 835 1031 perpetuo
853 988 976 1019 solven-

234 1042 304 1082 dae,
332 1042 541 1085 applicantur.
568 1042 603 1074 In
628 1041 688 1074 hac
704 1052 778 1075 vero
797 1040 973 1079 dotatione,

234 1106 339 1139 neque
364 1096 513 1128 dominus
531 1095 716 1139 temporalis
734 1105 791 1137 pro
809 1105 866 1127 sua
885 1094 975 1126 tertia

235 1149 433 1182 decimarum
459 1155 566 1192 parte,
593 1158 698 1192 neque
733 1147 976 1180 distributiones

235 1203 439 1246 quotidianae
461 1202 547 1234 chori
563 1201 715 1235 ecclesiae
738 1200 976 1244 Segobricensis

234 1255 450 1290 contribuunt.
476 1255 611 1298 Quoquo
638 1265 709 1288 vero
736 1254 831 1287 modo
857 1255 977 1297 praesa-

235 1314 299 1341 tam
325 1308 562 1342 scliolastcriam
589 1318 699 1341 vacare
717 1307 897 1350 contigerit,
927 1318 977 1339 ca-

235 1362 374 1405 pitulum
411 1361 641 1405 Segobricense
666 1361 751 1405 quod
777 1361 919 1395 succedit
944 1362 976 1394 in

235 1415 413 1455 fructibus,
451 1416 533 1449 ultra
568 1415 727 1460 praefatas
765 1416 974 1459 quadraginta

234 1469 359 1510 libras,
403 1470 504 1502 solvat
544 1469 620 1502 alias
645 1469 829 1513 quindecim
863 1470 976 1502 libras:

235 1534 346 1556 omnes
371 1528 464 1556 erunt
489 1523 618 1565 triginta
644 1524 786 1567 quinque
803 1522 901 1556 librae
920 1534 976 1566 pro

236 1576 399 1611 dotatione
432 1576 585 1609 ecclesiae
615 1578 774 1620 praefatae
799 1576 838 1609 de
865 1576 976 1609 Castell

199 1656 201 1658 .
235 1641 299 1663 nou
314 1658 321 1671 ,
342 1637 373 1664 et
392 1640 429 1664 eo
455 1640 526 1662 casn
547 1629 650 1663 dictae
674 1629 859 1674 quindecim
877 1630 977 1663 librae

236 1695 253 1716 a
289 1683 491 1728 portionibus
523 1683 792 1717 contribuentium
811 1711 819 1724 ‚
853 1684 976 1716 ratione

236 1737 434 1771 decimarum
459 1737 623 1770 dumtaxat
647 1737 678 1770 in
705 1737 862 1781 praesenti
888 1737 976 1770 dota—

236 1791 336 1832 tione,
364 1801 422 1834 pro
440 1796 506 1824 rata
526 1790 725 1831 minuantur,
744 1791 871 1835 sintque
895 1801 974 1824 eon—

235 1845 416 1879 tribuentes
441 1844 531 1878 liberi
552 1845 591 1878 ab
605 1844 730 1878 illarum
745 1845 905 1878 solutione
920 1855 976 1888 pro

236 1910 294 1933 sua
318 1899 453 1942 quisque
478 1904 580 1942 parte.
608 1898 765 1938 Quoniam
784 1909 857 1931 vero
875 1904 977 1932 terrae

236 1959 268 1986 et
291 1953 431 1993 arbores,
451 1962 533 1995 quae
549 1951 625 1985 olim
640 1952 679 1984 ad
696 1953 887 1995 mesquitam
907 1964 977 1996 per-

237 2006 380 2040 tinebant
397 2033 404 2045 ‚
441 2012 472 2038 et
507 2016 592 2038 nunc
616 2006 769 2038 ecclesiae
801 2005 977 2050 applicatae

236 2066 324 2100 sunt,
351 2061 383 2093 in
415 2069 506 2104 posse
538 2065 569 2093 et
594 2060 871 2093 administratione
907 2061 977 2093 uni-

236 2114 448 2148 universitatis
481 2113 556 2146 dicti
603 2113 712 2157 oppidi
753 2114 975 2158 reperiuntur⁷

236 2175 318 2212 quae
335 2167 505 2200 duodecim
519 2166 616 2199 libras
632 2173 756 2199 tantum
776 2178 831 2210 pro
849 2167 974 2200 illaruvn

238 2221 470 2266 compositione
494 2221 585 2255 solvit
601 2220 766 2259 ecclesiae,
782 2231 853 2253 cum
872 2232 975 2254 revera

237 2274 349 2308 maiori
375 2275 475 2317 pretio
498 2274 698 2314 aestimetur,
718 2280 848 2306 cavetur
866 2283 906 2306 ne
923 2284 978 2316 per

237 2328 484 2374 applicationem
510 2327 668 2360 dictarum
694 2326 864 2360 duodecim
883 2327 978 2360 libra-

237 2393 308 2415 rum
333 2381 490 2426 praesenti
509 2381 663 2414 dotationi
683 2380 830 2424 superius
854 2380 978 2417 factam,

237 2435 367 2479 aliquod
393 2434 628 2478 praeiudicium
646 2433 811 2466 Ordinario
828 2433 978 2475 Segobri—

239 2489 323 2522 censi
338 2489 503 2526 inferatur,
513 2487 686 2531 quominus
700 2491 837 2519 terraset
849 2486 978 2519 arbores

238 2541 422 2585 praesatasa
435 2541 577 2584 praefata
600 2538 806 2572 universitate
822 2544 964 2581 repetere

238 2600 270 2628 et
283 2604 472 2637 recuperare
487 2593 601 2636 possit:
621 2598 651 2625 et
668 2592 742 2636 quia
759 2591 890 2624 ecclesia
903 2591 978 2623 ade-

238 2647 370 2681 rationis
395 2647 518 2690 Regum
543 2646 723 2687 admodum
741 2650 830 2678 vetus
848 2650 905 2683 est,
924 2655 978 2676 an-

1011 305 1101 341 gusta
1126 304 1157 331 et
1182 304 1405 342 conquassata,
1435 309 1491 331 nec
1518 303 1641 331 veteres
1668 297 1752 330 cliri-

1011 352 1131 385 stianos
1155 352 1250 395 capit,
1277 352 1508 395 quantominus
1525 350 1620 384 etiam
1639 361 1750 389 nOVOS,

1012 405 1140 448 quando
1165 406 1196 438 in
1223 416 1291 438 eam
1325 405 1538 446 conveniunt,
1567 411 1633 438 tum
1659 406 1751 436 etiam

1011 459 1143 492 ecclesia
1169 459 1275 492 Sancti
1301 459 1451 498 Ioannis⁷
1487 469 1569 502 quae
1594 459 1669 491 olim
1694 458 1753 491 suit

1012 512 1194 545 Maurorum
1221 512 1390 555 mesquita‚
1418 517 1551 554 angusta
1569 517 1628 550 est,
1647 516 1678 544 et
1695 522 1751 554 pro

1012 570 1163 598 velustate
1191 566 1331 598 minatur
1349 565 1495 604 ruinam3
1522 569 1646 607 oportet
1665 563 1750 608 quod

1012 628 1092 651 nova
1117 618 1305 651 aedificetur
1329 618 1461 651 ecclesia
1494 618 1662 660 utriusque
1695 628 1751 660 po-

1012 670 1077 714 puli
1105 681 1215 714 capax,
1229 676 1323 714 prout
1337 671 1536 713 designatum
1551 677 1609 709 est,
1625 675 1655 703 et
1671 680 1752 712 quae

1011 726 1112 757 suerat
1129 724 1204 756 olim
1220 726 1388 767 mesquita,
1403 723 1558 761 diruatur,
1575 729 1604 756 et
1622 723 1749 763 domus,

1011 788 1107 820 quam
1132 784 1238 810 rector
1263 788 1347 810 nunc
1372 776 1508 816 obtinet,
1535 776 1711 809 reficiatur.

1277 855 1303 888 A
1311 854 1477 887 lmedioeer.

1055 935 1214 980 Oppidum
1232 935 1423 969 Alntedimr
1443 936 1643 979 septuaginta
1668 946 1749 979 qua-

1011 995 1083 1022 tuor
1100 990 1242 1023 continet
1255 990 1370 1022 domus
1384 989 1634 1022 christianorum
1652 999 1754 1032 nuper

1010 1042 1049 1075 ad
1070 1043 1165 1075 fidem
1187 1042 1376 1075 catholicam
1402 1053 1641 1075 conversorum.
1664 1043 1695 1074 ln
1716 1052 1752 1074 eo

1010 1096 1200 1139 parochialis
1225 1102 1268 1129 est
1292 1096 1425 1129 ecelesia
1449 1096 1580 1139 antiqua
1613 1095 1671 1128 sub
1697 1095 1753 1127 in—

1010 1150 1176 1183 vocatione
1201 1149 1231 1182 S.
1261 1150 1434 1183 Michaelis:
1461 1149 1557 1182 hahet
1581 1160 1639 1192 pro
1657 1159 1753 1182 anne-

1011 1203 1055 1235 xis
1073 1202 1190 1246 oppida
1204 1202 1321 1245 Soneja
1340 1203 1549 1246 quadraginta
1567 1202 1750 1243 domorum,

1010 1261 1041 1287 ct
1062 1255 1211 1288 Αῑυσυαν
1236 1256 1348 1289 decem
1373 1261 1402 1288 et
1426 1261 1497 1289 octo
1516 1256 1704 1293 domorum,
1722 1262 1753 1288 et

1012 1308 1116 1342 Chora
1150 1309 1333 1352 quindecim
1366 1309 1535 1342 domorum
1569 1310 1691 1342 noviter
1714 1310 1753 1342 ad

1011 1363 1106 1395 tidem
1133 1373 1379 1398 conversorum:
1400 1373 1512 1396 omnes
1529 1370 1656 1396 contum
1676 1374 1754 1406 qua-

1010 1416 1156 1459 draginta
1181 1421 1302 1459 septem
1327 1416 1453 1449 domus.
1491 1417 1607 1450 Hector
1641 1416 1749 1449 domi-

1011 1470 1090 1502 nicis
1129 1475 1160 1502 et
1194 1469 1312 1502 festivis
1349 1469 1462 1502 diebus
1499 1471 1577 1502 duas
1615 1470 1755 1504 celebrat

1011 1523 1134 1563 missas,
1162 1524 1293 1556 alteram
1311 1524 1343 1556 in
1362 1524 1479 1567 oppido
1499 1523 1687 1563 Almedixcr,
1710 1525 1754 1556 al-

1013 1583 1110 1609 teram
1137 1577 1167 1609 in
1194 1576 1324 1610 ecclesia
1351 1577 1390 1609 de
1424 1576 1557 1619 Soneja,
1593 1577 1631 1609 ad
1657 1587 1752 1620 quam

1011 1630 1203 1663 conveniunt
1240 1629 1438 1663 habitatores
1470 1631 1507 1662 de
1548 1630 1688 1663 Azuevar
1723 1636 1751 1663 et

1010 1684 1126 1724 Chova,
1147 1683 1306 1726 habetque
1331 1694 1388 1726 pro
1409 1683 1481 1716 dote
1506 1689 1536 1716 et
1561 1683 1677 1717 salario
1702 1684 1753 1716 vi—

1011 1737 1088 1780 ginti
1110 1737 1252 1780 quinque
1273 1736 1369 1769 libras
1396 1742 1543 1770 monetae
1568 1737 1749 1777 valentiae,

1011 1801 1090 1834 quas
1114 1795 1285 1823 succentor
1317 1790 1475 1822 Ecclesiae
1511 1788 1752 1832 segobricensis

1011 1844 1038 1877 ei
1065 1843 1209 1887 quolibet
1233 1853 1316 1876 anno
1341 1843 1380 1875 ab
1412 1842 1544 1886 antiquo
1574 1842 1751 1886 impenuit.

1011 1904 1041 1932 et
1067 1898 1145 1931 alias
1175 1898 1284 1931 decem
1315 1897 1433 1936 libras,
1473 1908 1554 1940 quae
1579 1908 1682 1939 nuper
1712 1897 1752 1929 ab

1011 1952 1178 1986 Ordinatio
1202 1952 1230 1984 ei
1255 1956 1364 1984 auctae
1381 1950 1521 1990 suerunt,
1540 1956 1570 1983 et
1583 1949 1623 1982 ab
1639 1950 1751 1983 eodem

1010 2011 1198 2039 succentore
1223 2006 1399 2037 solvuntur.
1428 2005 1481 2037 Est
1496 2009 1601 2036 autem
1620 2003 1752 2036 Succen-

1012 2059 1097 2091 toria
1116 2057 1297 2091 collativum
1324 2057 1465 2090 osticium
1487 2057 1519 2088 in
1545 2056 1682 2089 Ecclesia
1700 2055 1751 2088 Se-

1011 2111 1207 2155 gonrit—ensi,
1231 2110 1270 2143 ab
1295 2114 1446 2154 episcopo
1471 2116 1499 2143 ct
1526 2109 1664 2153 capitulo
1689 2120 1751 2142 an-

1012 2165 1147 2209 tiquitus
1171 2165 1363 2204 institutum,
1389 2170 1422 2196 ut
1446 2170 1615 2196 succentor
1633 2163 1751 2205 praesit

1012 2218 1200 2252 canentibus
1217 2218 1247 2250 in
1268 2219 1365 2250 cloro
1383 2216 1421 2249 ad
1440 2216 1678 2253 Fca·2'.s·10rimn,
1699 2216 1749 2249 cui

1012 2281 1153 2303 annexae
1174 2271 1303 2304 suerunt
1322 2269 1480 2313 primitiae
1500 2269 1658 2302 ‹tit-torum
1674 2280 1751 2312 qua-

1013 2331 1085 2358 tuor
1109 2325 1321 2368 oppidorum,
1344 2334 1444 2366 quae,
1467 2323 1505 2355 de
1527 2323 1596 2355 iure
1621 2323 1749 2364 divino,

1013 2379 1153 2422 parocho
1179 2378 1347 2411 debentur.
1375 2377 1409 2410 Et
1428 2376 1578 2420 quoniam
1597 2377 1751 2421 oppidum

1013 2431 1125 2474 Sont=j·=
1138 2432 1177 2464 ab
1187 2431 1305 2475 oppido
1317 2431 1495 2463 Almctlixcr
1512 2431 1636 2464 duabus
1655 2431 1752 2463 leucis

1013 2485 1177 2528 asperrimi
1203 2484 1343 2522 itineris,
1369 2490 1399 2517 et
1418 2484 1534 2527 oppilla
1560 2485 1698 2517 Azuevnr
1722 2490 1753 2517 ct

1013 2537 1113 2571 Cliova
1141 2537 1227 2569 leuca
1254 2547 1316 2568 nna
1343 2536 1471 2576 distant,
1493 2548 1549 2569 nec
1568 2547 1678 2569 eorum
1699 2538 1752 2570 lia-

1014 2592 1165 2623 liitatores
1176 2597 1306 2633 possunt
1325 2601 1340 2623 a
1360 2596 1423 2623 rect
1450 2600 1482 2622 re
1501 2590 1539 2622 de
1558 2590 1748 2631 maledixer,

1012 2651 1106 2688 prout
1126 2655 1183 2687 par
1207 2650 1265 2685 est,
1293 2643 1325 2676 in
1351 2644 1413 2676 fide
1438 2644 1592 2677 eatltolica
1617 2642 1749 2683 instrui,

1658 239 1721 271 819
1768 247 1817 274 An.
1839 247 1867 273 C.
1886 247 1951 273 1002
