2253 3195
5 176 52 203 An.
69 175 96 203 C.
122 175 187 202 ¹593

21 1943 97 1971 sicque
109 1945 130 1966 jn
143 1950 188 1971 per-

8 1973 92 1996 petuum
117 1971 188 1993 obscr-

9 1997 52 2019 ναι-ί
66 1998 131 2019 iubet.

817 177 963 201 CLEMENS
984 177 1039 200 vltt
1062 176 1110 200 PP.

202 224 263 262 tiis,
287 224 431 257 censuris
452 230 481 257 et
501 224 623 268 poenis,
642 235 657 257 a
680 225 747 257 iure
770 225 815 258 vel
835 225 874 257 ab
887 224 945 257 ho-

202 278 299 315 mine,
317 278 427 322 quavis
449 278 618 311 occasione
639 279 686 310 vel
708 289 802 310 causa
823 277 905 317 latis,
921 277 944 310 si

202 331 318 375 quibus
338 332 580 375 quomodolibet
604 331 774 364 innodatae
796 331 942 370 existunt,

201 386 240 418 ad
262 385 409 419 effectum
433 385 649 429 praesentium
673 385 833 418 dumtaxat
864 396 940 417 von—

201 440 414 483 sequendum.
448 439 562 472 harum
593 439 674 472 serie
695 439 895 471 absolventes
917 444 942 470 et

201 492 363 526 absolutas
385 492 453 525 sore
474 497 657 532 censentes,
681 502 717 524 ac
744 492 942 525 instrumen-

203 552 320 585 torum,
344 545 522 578 litterarum
545 551 573 578 et
600 545 736 578 aliorum
761 545 942 588 praedicto-

201 609 272 631 rutu
286 609 322 631 ac
344 598 417 631 inde
435 604 647 642 sequutoruni
666 609 945 642 quorumcumth

202 658 339 691 tenores,
372 662 513 684 necnon
534 651 597 685 litis
614 662 670 685 seu
692 651 794 685 litium
817 657 845 684 et
866 663 943 684 cau-

202 716 308 739 sarum
331 716 610 749 quarumcumque
639 716 735 749 super
765 706 947 749 praemissis

202 765 255 793 aut
273 770 385 793 eorum
404 759 573 792 occasione
587 759 720 792 ubilibet
736 759 946 803 plumentum}

201 818 301 846 status
315 818 343 846 et
359 812 483 853 merita,
498 812 701 856 aliorumque
720 812 782 851 liic,
799 817 868 847 etc..
887 813 948 845 sm·-

201 877 257 900 san
280 867 318 900 de
339 866 528 900 necessitate
550 867 832 910 exprimendorum
857 873 947 900 teno-

202 931 262 960 res,
279 921 504 965 praesentibus
524 932 583 965 pro
603 921 800 954 sufficienter
821 932 947 965 expres-

202 974 244 1008 sis
262 974 427 1014 habentes,
439 974 637 1008 'huiusmodi
659 975 948 1018 sulttplicationibus

203 1028 358 1069 inclinati,
375 1029 594 1069 concordiam,
616 1029 876 1067 instrumentum,
895 1031 949 1063 de-

202 1087 391 1125 cretumque
402 1082 473 1116 Iulii
487 1083 744 1126 praedecessoris
756 1083 863 1126 quoad
877 1094 949 1127 spo-
965 1097 966 1102 ¹

203 1135 245 1168 lia
265 1135 343 1168 cleri
373 1146 437 1168 non
470 1136 638 1179 exigenda,
663 1136 694 1168 in
717 1136 842 1169 civitate
870 1131 967 1180 Ave-⁴}

203 1189 352 1223 nionensi
373 1196 401 1223 et
428 1189 582 1223 comitatu
614 1190 802 1223 Venaissino
832 1191 949 1224 nostris

204 1244 370 1276 dumtaxat
390 1243 607 1284 consistentia,
624 1254 659 1276 ac
681 1244 713 1276 in
731 1243 800 1277 aliis
815 1244 892 1277 locis
907 1245 950 1277 le·
966 1255 967 1264 ¹

204 1297 325 1340 gationi
347 1297 530 1341 praedictae
549 1297 713 1339 subiectis,
744 1309 779 1330 ac
808 1292 968 1341 singulas³

203 1351 326 1385 litteras
346 1351 537 1395 praedictas,
553 1362 611 1385 nee
633 1362 698 1385 non
711 1351 820 1385 onmia
836 1357 863 1385 et
886 1352 950 1385 sin-
967 1377 968 1385 t

202 1405 278 1448 gula
289 1404 320 1437 iu
340 1405 401 1438 illis
414 1410 564 1439 contenta
576 1411 605 1438 et
617 1405 691 1439 inde
705 1411 840 1449 sequuta
854 1417 950 1450 quae-

203 1469 357 1502 cumque,
393 1459 568 1503 apostolica
598 1459 804 1499 auctoritate,
840 1449 950 1493 tenore

203 1512 438 1556 praesentium,
472 1518 632 1556 perpetuo·
658 1512 889 1546 confirmanius
920 1520 949 1547 et

203 1566 434 1610 approbamus,
458 1577 495 1599 ac
516 1566 578 1599 illis
598 1572 773 1610 perpetuae
799 1573 827 1600 et
849 1567 950 1601 inrio-

203 1619 309 1653 labilis
329 1619 528 1665 apostolicae
549 1620 710 1653 firmitatis
743 1621 843 1654 robur
870 1621 968 1654 adii-¹

204 1673 318 1714 cimus,
343 1683 520 1717 omnesque
541 1679 572 1707 et
592 1674 736 1717 singulos
756 1675 834 1708 iuris
856 1681 886 1709 et
907 1676 950 1709 sa—

203 1727 245 1761 cti
265 1738 301 1761 ac
321 1727 562 1761 solemnitatum
583 1727 678 1761 etiam
691 1728 948 1761 substantialium

204 1781 363 1822 desectus,
387 1781 489 1825 siqui
519 1782 626 1815 forsan
658 1781 887 1816 intervenerint
919 1783 949 1816 in

204 1834 337 1875 eisdem,
359 1836 557 1879 supplemus.

249 1889 264 1933 ἓ
290 1888 319 1922 5.
345 1890 388 1922 Ac
418 1888 717 1930 confirmationem,
742 1891 950 1934 approbatio-

203 1953 290 1984 nem,
315 1943 543 1984 adiectionem,
564 1942 801 1987 suppletionem
823 1944 950 1988 aliaque

204 1996 380 2041 praemissa
392 2008 428 2030 ac
439 2002 625 2041 praesentes
640 1997 761 2031 litteras
775 1998 864 2032 nullo
878 2010 949 2031 um-

205 2060 302 2094 quam
332 2056 488 2094 tempore,
522 2050 617 2084 etiam
648 2051 686 2083 ad
719 2051 950 2095 cuiuscumque

204 2103 300 2147 legati
328 2103 523 2144 instantiam,
548 2115 584 2137 ex
615 2115 820 2148 quacumque
841 2116 947 2145 causa,

205 2157 360 2197 revocari,
384 2157 524 2197 alterari,
549 2157 682 2190 limitari
702 2164 756 2190 aut
787 2158 947 2200 derogari,

204 2221 260 2245 seu
290 2212 328 2245 de
350 2211 569 2255 subreptionis
590 2212 638 2244 vel
668 2212 867 2255 obreptionis
899 2219 951 2245 aut

205 2264 360 2298 nullitafis
376 2264 453 2297 vitio
470 2275 525 2298 seu
546 2264 733 2298 intentionis
750 2270 878 2298 nostrae
899 2272 952 2299 aut

205 2318 268 2352 alio
290 2318 441 2363 quopiam
476 2318 601 2352 defectu
632 2319 736 2352 notari
769 2329 872 2362 posse,
897 2320 970 2353 sed=

206 2372 260 2406 illa
279 2372 385 2406 valida
405 2378 434 2405 et
456 2372 598 2406 efficacia
618 2374 696 2413 sore,
719 2383 857 2416 suosque
879 2374 948 2417 ple-

206 2425 314 2459 narios
327 2426 458 2459 effectus
471 2426 577 2460 sortiri
599 2433 627 2460 et
647 2426 952 2460 inviolabiliter-'ob-

206 2479 344 2520 servari,
367 2479 477 2524 sieque
497 2491 554 2524 per
581 2491 803 2525 quoscumque
832 2481 953 2514 iudices

208 2538 238 2566 et
256 2533 505 2575 commissarios,
528 2534 638 2579 quavis
658 2535 848 2568 auctoritate
875 2535 949 2567 sun-

208 2592 329 2629 genteS,
346 2586 441 2620 etiam
462 2587 491 2621 S.
509 2588 544 2621 R.
563 2588 596 2621 Ε.
614 2588 804 2629 cardinales,
828 2588 953 2630 sublata

982 224 1026 257 eis
1046 229 1073 257 et
1096 234 1208 256 eorum
1230 222 1362 255 cuilibet
1385 220 1496 265 quavis
1522 219 1614 253 aliter
1636 219 1721 252 indi-

981 277 1073 311 candi
1096 282 1123 310 et
1148 275 1379 320 interpretandi
1399 275 1547 308 facultate
1567 279 1593 303 et
1617 280 1725 306 aucto-

982 331 1084 368 ritate,
1105 331 1238 364 iudicari
1258 337 1285 363 et
1302 329 1432 363 diffiniri
1448 329 1563 362 dehere
1576 339 1582 363 2
1595 339 1629 360 ac
1648 327 1724 370 quid

981 385 1057 428 quid
1079 395 1170 418 secus
1191 395 1287 427 snper
1308 384 1355 416 lus
1372 394 1389 416 a
1411 392 1591 426 quoquam,
1616 380 1726 424 quavis

981 438 1183 477 auctoritate,
1198 438 1335 470 scienter
1347 437 1394 470 vel
1410 437 1607 478 ignoranter,
1624 440 1726 468 atten-

983 491 1040 523 tari
1062 491 1243 531 contigerit,
1268 490 1393 523 irritum
1419 495 1457 522 ‘et
1490 489 1583 521 inane
1609 489 1722 521 decer-

982 544 1097 577 nimus.

1027 600 1042 641 ξ
1064 599 1093 631 li.
1116 598 1269 637 Quocirca
1291 598 1414 631 dilectis
1436 597 1509 630 filiis
1526 597 1638 630 Curiae
1653 608 1726 630 cau·

982 664 1089 686 sarum
1110 653 1260 687 Gamerae
1281 652 1482 696 Apostolicae
1508 652 1649 694 generali
1672 663 1727 685 au-

983 707 1090 746 ditm-i,
1115 707 1220 740 abbati
1247 707 1276 740 S.
1303 707 1450 739 Andreae
1470 711 1569 738 status
1590 706 1726 739 Avenio-

983 761 1089 794 nensis
1110 767 1137 793 et
1160 760 1288 793 officiali
1307 759 1492 793 Aut-nicensi
1507 769 1564 803 per
1578 769 1728 802 praesen-

985 820 1029 847 tes
1050 813 1281 846 committimus
1301 818 1332 846 et
1358 813 1548 845 mandamus
1571 817 1729 855 quatenus

984 868 1054 912 ipsi,
1077 869 1125 901 vel
1147 868 1211 901 dno
1232 872 1287 900 aut
1306 877 1389 899 unus
1407 877 1532 906 eorum,
1557 877 1613 910 per
1633 877 1666 899 se
1682 866 1728 898 vel

983 922 1081 954 alium
1102 932 1158 954 sen
1179 921 1270 961 alios,
1294 925 1479 964 praesentes
1496 910 1625 953 ‘litteras
1646 926 1677 952 et
1698 919 1729 951 in

984 974 1028 1007 eis
1046 980 1197 1007 contenta
1218 984 1453 1017 quaecumque,
1475 973 1529 1005 ubi
1552 978 1581 1006 et
1601 973 1729 1016 quando

984 1039 1064 1072 opus
1086 1027 1192 1066 suerit,
1207 1038 1243 1060 ac
1264 1027 1390 1071 quoties
1411 1038 1469 1070 pro
1492 1032 1580 1070 parte
1602 1026 1678 1059 cleri
1700 1032 1727 1059 et

984 1092 1207 1125 personarum,
1240 1091 1411 1113 suorumve
1440 1080 1629 1119 haeredum,
1653 1091 1728 1113 sucu

985 1145 1148 1169 cessorum
1178 1140 1231 1167 aut
1252 1134 1291 1166 ab
1319 1133 1364 1167 eis
1384 1133 1574 1166 habentium
1601 1133 1729 1176 praedi-

984 1195 1110 1222 ctorum
1124 1199 1252 1222 causam
1270 1188 1319 1220 vel
1333 1187 1469 1220 alicuius
1483 1198 1595 1220 eorum
1615 1187 1732 1220 suerint.

985 1243 1142 1287 requisiti,
1167 1242 1355 1276 solemniter
1375 1241 1587 1286 publicantes,
1613 1252 1649 1275 ac
1669 1241 1732 1275 illis

985 1298 1016 1330 in
1039 1296 1224 1341 praemissis
1251 1295 1389 1329 efficacis
1410 1294 1608 1328 defensionis
1632 1305 1729 1338 prae-

985 1350 1067 1384 sidio
1089 1349 1282 1389 assistentes,
1308 1348 1427 1382 faciant
1451 1348 1644 1381 auctoritate
1672 1359 1731 1381 no-

985 1411 1049 1438 stra
1071 1405 1142 1438 illos
1174 1413 1353 1447 eorumque
1381 1402 1525 1445 singulos
1557 1402 1731 1435 confirma-

987 1459 1082 1499 tione,
1106 1457 1357 1502 approbatione,
1381 1456 1572 1497 adiectione,
1605 1457 1734 1500 supple-

987 1512 1083 1553 tione,
1104 1511 1307 1552 inhibitione,
1332 1511 1461 1544 decreto
1480 1510 1614 1554 aliisque
1634 1520 1730 1554 prae-

987 1567 1088 1599 missis
1103 1566 1189 1599 iuxta
1202 1564 1420 1609 praesentium
1436 1570 1580 1597 tenorem
1600 1564 1733 1608 pacifice

986 1620 1045 1652 frui
1060 1625 1090 1653 et
1107 1619 1248 1662 gaudere
1263 1631 1269 1659 ς
1284 1628 1350 1652 non
1367 1617 1589 1662 permittentes
1610 1628 1664 1651 eos
1685 1618 1731 1651 rel

985 1684 1096 1707 eorum
1119 1672 1259 1716 aliquem
1293 1672 1432 1715 desuper
1460 1682 1518 1715 per
1539 1671 1625 1714 ipsos
1646 1671 1732 1713 lega-

985 1733 1062 1767 tum,
1078 1726 1318 1769 vice-legatum,
1331 1730 1576 1769 procuratorem
1590 1724 1732 1758 fiscalem

984 1792 1038 1815 seu
1061 1781 1140 1814 alios
1161 1790 1383 1824 quoscumque
1408 1778 1655 1823 quomodolibet
1680 1778 1729 1810 in-

985 1835 1090 1869 debite
1112 1833 1287 1873 molestari,
1311 1832 1494 1877 perturbari
1516 1837 1570 1865 aut
1600 1832 1730 1876 inquie-

986 1889 1064 1926 tari;
1090 1887 1344 1922 contradictores
1362 1886 1522 1930 quoslibet
1547 1891 1577 1919 et
1597 1886 1733 1920 rebelles

985 1942 1128 1977 censuris
1148 1948 1177 1975 et
1198 1940 1312 1985 poenis
1325 1940 1460 1984 aliisque
1478 1939 1669 1984 opportunis
1687 1939 1734 1972 iu-

985 1997 1026 2030 ris
1058 1996 1219 2036 remediis,
1244 1995 1357 2028 eadem
1389 1994 1579 2027 auctoritate
1611 1999 1730 2033 nostra,

985 2050 1201 2096 appellatione
1218 2048 1408 2092 postposita,
1425 2048 1678 2092 compescend0;
1699 2058 1735 2081 ac

985 2104 1136 2148 legitimis
1156 2113 1253 2147 super
1272 2102 1321 2135 his
1341 2102 1499 2135 habendis
1516 2101 1648 2134 servatis
1660 2111 1735 2145 pro-

986 2158 1139 2197 cessibus,
1160 2157 1233 2190 illos
1254 2166 1406 2189 censuras
1427 2161 1454 2187 et
1477 2165 1597 2198 poenas
1618 2154 1731 2187 huius-

987 2211 1075 2245 modi
1091 2210 1264 2244 incurrisse
1279 2209 1485 2248 declarando,
1499 2208 1647 2252 ipsasque
1662 2218 1736 2241 cen-

986 2276 1076 2299 suras
1097 2271 1127 2298 et
1144 2275 1264 2309 poenas
1285 2264 1381 2297 etiam
1402 2262 1522 2296 iteratis
1539 2262 1661 2309 vicibus
1681 2272 1735 2305 ag-

987 2320 1162 2361 gravando,
1181 2319 1327 2351 invocato
1341 2317 1437 2350 etiam
1458 2316 1498 2350 ad
1520 2316 1591 2357 hoc,
1609 2316 1632 2349 si
1655 2326 1735 2360 opus

988 2372 1092 2412 t'uerit,
1117 2372 1236 2405 auxilio
1256 2370 1381 2404 brachii
1401 2369 1585 2403 saecularis.

1032 2428 1048 2469 ξ
1072 2426 1100 2458 7.
1116 2426 1185 2459 Non
1204 2424 1404 2458 obstantibus
1424 2424 1618 2468 praemissis,
1636 2435 1673 2457 ac
1691 2425 1734 2457 fe-

988 2480 1056 2513 licis
1086 2478 1319 2513 recordationis
1346 2478 1500 2512 Bonisacii
1531 2479 1634 2523 Papae
1655 2478 1730 2518 VIII,

987 2534 1083 2567 etiam
1104 2533 1360 2578 praedecessoris
1385 2533 1498 2573 nostri,
1520 2533 1559 2567 de
1579 2543 1653 2573 una,
1686 2531 1733 2565 vel

987 2587 1118 2623 Concilii
1131 2587 1290 2631 generalis
1301 2587 1340 2622 de
1359 2587 1483 2621 duabus
1501 2586 1624 2628 diaetis,
1642 2586 1734 2620 dum-

1653 161 1693 195 77
1742 170 1790 197 An.
1808 170 1834 197 c,
1857 170 1923 198 1593

1783 606 1926 632 &minutor-23

1742 633 1837 659 deputat.

1751 2429 1860 2450 Obslautia
1875 2429 1933 2448 tollit.
