2253 3195
77 238 126 265 An.
146 237 174 265 C.
194 237 260 264 1597

106 1829 191 1849 Gratiae
203 1828 263 1854 spiri-

79 1854 147 1876 tuales
177 1861 263 1875 conces-

79 1887 115 1902 sae
124 1882 157 1905 iis,
165 1882 200 1908 qui
211 1881 263 1902 Cac-

79 1908 132 1928 sar-is
153 1908 264 1928 conatibus

80 1940 102 1955 se
118 1935 261 1961 opposuerint.

891 236 1038 260 CLEMENS
1057 236 1115 259 VIII
1136 236 1173 259 1¹1³
1180 252 1185 258 .

273 284 467 325 debitorum,
491 294 540 317 res
558 290 587 317 et
604 284 688 317 bona
705 284 865 325 universa,
888 284 920 318 in
940 285 1013 328 qui-

273 338 471 381 buscumque
491 338 585 371 etiam
610 338 687 370 locis
707 347 742 370 ea
763 337 950 376 invenerint,
969 337 1014 369 si-

274 391 390 424 militer
407 392 545 434 capiant,
572 391 688 433 illaque
712 391 843 434 propria
863 390 1014 431 efficiant,

274 443 356 476 acin
377 454 451 476 suos
470 454 545 476 usus
562 449 591 476 et
620 443 791 476 utilitatem
821 448 1014 475 convertant.

274 496 337 529 Nos
356 497 456 535 enim,
478 496 665 529 auctoritate
683 501 713 528 ct
736 495 900 539 potestatis
917 495 1017 538 pleni-

275 549 382 581 tudine
402 549 596 592 praemissis,
616 558 778 581 armorum
796 548 945 586 ducibus,
968 558 1018 580 ca-

274 602 424 645 pitaneis,
446 602 601 634 militibus
624 607 655 634 et
676 601 745 634 aliis
763 601 1019 644 quibuscumque

275 660 385 688 contra
406 654 510 697 ipsum
525 654 688 688 Caesarem
709 664 799 687 arma
822 653 1019 686 sumentibus

274 713 303 740 et.
324 707 517 749 aliquorum·
537 718 573 740 ex
602 707 808 751 supradictis,
829 706 883 749 qui
915 706 1017 739 eidem

275 759 395 793 Caesari
411 758 624 792 obedientiam
639 759 865 802 praestiterint,
882 769 1019 801 eumque

274 813 307 845 in
328 812 454 850 ducem,
478 812 674 855 superiorem
689 818 720 845 et
734 813 902 845 dominum
923 823 1020 855 agno-

276 866 388 905 verint,
411 875 460 898 res
476 871 505 898 et.
525 866 621 905 bona,
643 872 697 898 aut
722 876 872 910 personas
896 866 1021 909 capien-

275 918 372 959 tibus
395 920 558 952 universas
587 929 718 958 merces,
748 919 915 961 pecunias,
939 929 1017 961 sup-

275 973 446 1016 pellectilia
467 979 496 1006 et
520 971 710 1012 immobilia,
729 971 849 1015 ubique
876 972 1019 1005 locorum

275 1031 303 1058 et
324 1026 478 1068 gentium,
502 1025 595 1057 etiam
616 1030 701 1058 extra
723 1024 876 1064 civitates,
907 1030 1019 1064 terras,

276 1078 405 1122 oppida,
428 1083 541 1116 castra,
561 1076 712 1110 fortalitia
729 1083 758 1110 et
776 1077 846 1109 loca
861 1077 1020 1120 praedicta

275 1131 378 1164 eidem
403 1131 527 1165 Caesari
557 1129 822 1174 obtemperantia,
843 1129 1020 1168 existentia,

276 1194 333 1227 per
353 1195 420 1224 eos,
443 1189 478 1217 ut
494 1183 682 1227 praefertur,
702 1188 805 1225 capta,
829 1182 1018 1226 appropria-

276 1247 346 1270 mus
367 1242 396 1270 et
416 1236 626 1279 applicamus,
641 1246 677 1269 ac
699 1235 751 1268 illa
769 1235 809 1267 ad
829 1236 958 1269 eosdem
972 1246 1022 1268 ca-

277 1290 397 1334 pientes
426 1290 518 1333 pleno
550 1289 619 1321 iure
638 1288 796 1332 pertinere
828 1289 972 1321 volumus
992 1294 1023 1322 et

277 1343 484 1383 mandamus,
503 1341 646 1375 civitates
661 1352 747 1382 vero,
763 1347 874 1381 terras,
891 1341 1019 1385 oppida,

278 1401 393 1436 castra,
415 1395 567 1429 fortalitia
587 1401 618 1428 et
638 1396 706 1428 loca
735 1394 906 1439 praedicta,
936 1395 961 1427 si
983 1394 1022 1427 ab

276 1449 322 1482 eis
350 1450 530 1493 capiantur,
553 1449 615 1481 illis
634 1448 665 1481 in
691 1447 840 1492 praedam
861 1447 974 1481 damus
993 1454 1023 1481 et

278 1502 500 1536 concedimus:
520 1512 671 1545 personas
689 1507 794 1534 autem
823 1500 1023 1544 supradictas

276 1555 579 1593 excommunicatas,
606 1554 888 1587 anathematizatas
908 1560 938 1588 et
957 1565 1023 1588 ma-

276 1608 408 1642 ledictas
426 1619 503 1651 quas
520 1607 642 1651 ubique
661 1607 807 1641 locorum
827 1614 857 1640 et
877 1609 1022 1651 gentium

278 1661 347 1705 capi
366 1661 546 1704 contigerit,
560 1671 667 1694 servos
680 1664 711 1693 et
724 1660 882 1704 mancipia
897 1660 1024 1704 capien-

277 1715 357 1748 tium
378 1713 447 1747 fieri
468 1714 682 1747 decernimus.

322 1767 401 1810 526.
416 1768 582 1802 Caeterum
592 1767 724 1807 eisdem,
734 1767 790 1810 qui
799 1773 909 1801 contra
919 1767 1023 1811 ipsum

278 1822 443 1856 Caesarem
469 1827 500 1854 et
520 1821 599 1854 alios
623 1821 827 1864 supradictos
851 1820 960 1861 armis,
989 1827 1024 1855 ut

278 1875 467 1919 praefertur,
488 1885 521 1907 se
538 1874 765 1918 opposuerint,
784 1879 814 1907 et
831 1884 890 1916 pro
915 1874 1022 1907 defen-

278 1928 368 1961 sione
392 1933 422 1961 et
446 1928 690 1971 recuperatione
715 1927 897 1967 civitatum,
925 1932 1024 1960 terra-

279 1991 367 2021 rum,
395 1985 592 2019 castrorum,
619 1979 829 2023 oppidorum,
857 1979 1024 2013 fortalitio-

280 2043 352 2066 rum
377 2039 407 2066 et
432 2033 576 2066 locorum
595 2032 732 2066 ducatus
756 2032 957 2072 huiusmodi,
983 2033 1023 2065 ad

280 2086 398 2120 dictam
429 2087 603 2119 Romanam
636 2086 810 2119 Ecclesiam
836 2092 866 2119 et
890 2086 1025 2129 Aposto-

280 2138 374 2172 licam
403 2138 521 2172 Sedem
547 2139 772 2172 devolutorum
797 2150 911 2183 opem,
938 2139 1026 2172 auxi-

280 2192 370 2232 lium,
387 2192 569 2232 consitium,
589 2193 636 2225 vel
650 2193 789 2226 savorem
804 2192 915 2235 quovis
929 2192 1025 2225 modo

280 2245 507 2289 praestiterint,
527 2251 652 2288 praeter
676 2245 861 2289 praemissa,
880 2251 1024 2278 nostram

280 2305 309 2332 et
342 2299 548 2342 apostolicam
582 2298 838 2331 benedictionem
876 2297 1022 2341 imperti-

281 2361 373 2391 mur‘,
398 2362 525 2385 necnon
549 2351 682 2392 eisdem,
710 2352 735 2384 si
759 2361 833 2385 vere
858 2350 1026 2394 poeniten-

282 2412 328 2439 tes
345 2411 376 2438 et
394 2405 541 2445 confessi,
560 2416 597 2437 ac
614 2404 709 2438 Sacra
726 2403 961 2438 Communione
978 2414 1026 2435 re-

282 2457 354 2493 secti
379 2458 509 2499 suerint,
530 2459 577 2492 vel
595 2458 703 2498 etiam,
719 2468 792 2490 cum
811 2457 843 2489 id
858 2457 1026 2490 commode

282 2513 385 2544 facere
410 2522 474 2544 non
499 2511 672 2555 potuerint,
700 2510 726 2543 si
759 2511 870 2543 saltem
897 2509 1026 2542 lirinum

284 2564 391 2598 debito
424 2570 567 2608 tempore
599 2562 771 2597 confitendi
806 2568 837 2596 ct
866 2572 1027 2595 sacrosan-

285 2624 371 2652 ctum
397 2617 616 2651 Eucharistiae
645 2621 883 2650 sacramentum
916 2615 1037 2650 devote

1052 283 1198 317 sumendi
1233 282 1432 327 propositum
1465 280 1653 320 habuerint,
1681 286 1712 314 et
1736 290 1794 323 pro

1054 335 1146 369 celeri
1171 346 1207 368 ac
1231 335 1312 368 felici
1343 335 1585 377 recuperatione
1618 333 1720 367 dictae
1753 334 1795 367 ci-

1053 389 1156 422 vitatis
1181 399 1215 420 ac
1241 389 1376 421 ducatus
1402 386 1614 421 Ferrariensis
1630 413 1637 427 ‚
1664 386 1732 429 pias
1757 386 1796 418 ad

1053 442 1153 474 Deum
1187 452 1296 484 preces
1329 440 1521 480 effuderint,
1558 433 1731 483 plenariam
1764 449 1796 471 o-

1054 493 1175 525 mnium
1190 498 1396 536 peccatorum
1414 503 1545 525 suorum
1564 491 1795 535 indulgentiam

1054 551 1084 579 et
1104 545 1324 578 remissionem
1343 545 1592 579 misericorditer
1608 545 1640 577 in
1661 545 1796 578 Domino

1054 598 1271 631 concedimus.

1099 651 1113 693 g
1138 650 1190 682 ⁶27.
1220 650 1387 683 Caeterum
1420 662 1493 684 cum
1524 661 1589 684 non
1614 651 1718 684 solum
1743 650 1797 683 de-

1054 704 1249 747 linquenteS,
1275 703 1330 736 sed
1355 703 1451 736 etiam
1475 704 1535 746 ipsi
1560 714 1724 737 assensum
1749 705 1796 737 vel

1055 757 1207 790 auxilium
1222 757 1409 801 praebentes
1422 757 1454 790 in
1468 757 1602 790 crimine
1615 757 1682 800 pari
1696 768 1798 800 poena

1056 810 1242 854 plectendos
1267 810 1421 843 canonica
1446 810 1637 843 condemnet
1661 810 1799 844 auctori-

1056 870 1114 904 taS,
1127 874 1181 896 eos
1191 864 1292 896 favere
1301 862 1796 906 delinquentilmsinterpretans,

1056 914 1327 959 quimanisestum
1341 915 1463 947 facinus
1477 915 1684 957 permittunt,
1703 915 1727 947 si
1745 914 1799 958 qui

1056 978 1157 1012 reges,
1169 967 1382 1011 respublicae,
1400 967 1509 1007 duceS,
1529 967 1701 1010 principes,
1714 978 1799 1000 mar-

1057 1022 1206 1061 chiones,
1239 1022 1391 1061 comites,
1425 1020 1562 1053 barones
1594 1021 1800 1064 quantumvis

1057 1074 1150 1107 liberi
1174 1080 1205 1107 et
1229 1074 1387 1117 exempti,
1415 1083 1541 1107 necnon
1566 1074 1590 1106 si
1616 1084 1697 1116 quae
1722 1073 1800 1107 aliae

1057 1127 1304 1161 communitates
1322 1132 1353 1159 et
1372 1126 1596 1160 universitates
1614 1137 1801 1169 quamcum-

1058 1191 1120 1225 que
1152 1185 1342 1224 potestatem
1369 1186 1399 1212 et
1429 1179 1609 1212 dominium
1634 1180 1799 1221 habentes,

1058 1239 1122 1267 tam
1148 1234 1180 1266 in
1206 1233 1295 1267 ltalia
1319 1243 1416 1276 quam
1441 1237 1529 1265 extra
1561 1232 1697 1272 Italiam,
1731 1233 1801 1266 ubi-

1058 1298 1120 1330 que
1156 1288 1301 1320 locorum
1338 1291 1369 1318 et
1405 1286 1548 1329 gentium
1585 1286 1800 1326 constitutae3

1058 1350 1183 1373 necnon
1208 1339 1234 1372 si
1265 1338 1321 1382 qui
1353 1338 1448 1372 etiam
1486 1349 1650 1372 armorum
1683 1339 1799 1378 duces,

1058 1393 1227 1437 capitanei,
1248 1392 1399 1435 praefecti
1426 1390 1576 1432 militum,
1595 1392 1721 1436 ipsique
1746 1392 1804 1425 mi—

1058 1447 1128 1480 lites
1161 1453 1192 1480 et
1225 1446 1304 1479 aliae
1337 1455 1560 1488 quaecumque
1592 1445 1803 1488 particulares

1058 1511 1232 1545 personae,
1265 1509 1403 1543 quarum
1437 1498 1581 1532 omniurn
1607 1505 1638 1532 et.
1662 1499 1803 1542 singula-

1059 1565 1130 1588 rum
1150 1553 1295 1592 nomina,
1319 1552 1523 1595 cognomina,
1544 1552 1662 1596 gradus
1679 1558 1707 1585 et
1726 1563 1804 1596 qua-

1058 1607 1174 1644 litates,
1195 1616 1230 1638 ac
1256 1605 1280 1637 si
1304 1604 1355 1637 hic
1374 1604 1406 1636 in
1431 1604 1537 1648 specie
1562 1610 1592 1637 et
1616 1605 1803 1648 singillatim

1058 1660 1176 1692 inserta
1194 1663 1310 1698 essent,
1330 1657 1555 1701 praesentibus
1571 1667 1630 1700 pro
1647 1658 1803 1702 expressis

1058 1711 1168 1745 haberi
1193 1711 1354 1750 volumus,
1382 1721 1439 1753 per
1462 1720 1510 1750 se,
1537 1710 1584 1743 vel
1616 1710 1727 1750 alium,
1747 1721 1803 1744 seu

1058 1765 1137 1798 alios
1170 1764 1306 1808 publice.
1324 1764 1371 1796 vel
1409 1764 1556 1803 occulte,
1591 1763 1711 1796 directe
1747 1774 1803 1796 seu

1058 1819 1225 1859 indirecte,
1246 1817 1358 1862 quovis
1376 1817 1521 1860 quaesito
1547 1818 1652 1851 colore
1669 1824 1699 1851 et
1716 1827 1805 1861 prae-

1059 1878 1156 1912 texto,
1182 1871 1286 1905 eidem
1311 1870 1436 1904 Caesari
1454 1876 1484 1904 et
1501 1870 1569 1903 aliis
1591 1871 1733 1911 monitis,
1753 1881 1806 1903 ex-

1058 1925 1322 1964 communicatis,
1349 1923 1644 1964 anathematizatis,
1673 1924 1806 1957 maledi-

1059 1979 1135 2019 ctis,
1165 1977 1295 2021 privatis
1327 1982 1358 2010 et
1395 1976 1602 2010 inhabilitatis
1634 1976 1673 2009 ad
1706 1977 1805 2020 impe-

1060 2032 1211 2065 diendam
1237 2033 1514 2075 recuperationem
1539 2030 1714 2070 civitatum,
1743 2036 1806 2064 ter-

1059 2096 1181 2126 rarum,
1209 2091 1400 2126 castrorum,
1420 2084 1627 2129 oppidorum,
1654 2083 1777 2117 arcium
1796 2111 1802 2124 ,

1060 2138 1287 2172 fortalitiorum
1310 2145 1341 2172 et
1366 2140 1511 2172 locorum
1538 2136 1577 2169 ad
1602 2147 1670 2177 nos,
1691 2137 1806 2170 Roma-

1060 2203 1202 2235 namque
1227 2192 1415 2232 Ecclesiam,
1440 2191 1619 2233 Sedemquc
1644 2195 1675 2223 et
1698 2190 1807 2223 Came-

1060 2256 1127 2278 ram
1152 2245 1350 2289 praedictam
1376 2245 1603 2278 devolutorum
1628 2242 1807 2286 praedicto-

1061 2308 1133 2330 rum
1159 2297 1288 2337 milites,
1317 2307 1430 2340 equos,
1466 2306 1576 2336 nares,
1606 2295 1752 2328 triremes
1776 2300 1805 2328 ct

1061 2349 1121 2382 alia
1145 2349 1261 2392 navigii
1284 2359 1412 2392 genera,
1439 2359 1540 2388 arma,
1568 2348 1806 2381 iminimentave

1062 2403 1223 2442 militaria,
1245 2403 1410 2446 pecunias,
1425 2408 1478 2435 aut
1498 2407 1714 2435 commeatum
1731 2411 1806 2434 con-

1061 2456 1193 2495 cedere,
1222 2456 1347 2489 tradere
1372 2461 1403 2488 et
1428 2451 1623 2494 ministrare,
1650 2464 1706 2487 seu
1732 2463 1807 2487 con-

1062 2519 1203 2548 sensum,
1231 2508 1404 2548 auxilinm,
1434 2508 1623 2547 consilium,
1651 2507 1699 2540 vcl
1723 2507 1807 2540 favo-

1062 2572 1129 2595 rem
1155 2561 1266 2604 quovis
1291 2561 1386 2595 modo
1411 2562 1564 2604 praebere
1585 2570 1806 2605 praesumpse-

1062 2615 1135 2655 rint,
1164 2620 1218 2648 aut
1243 2625 1354 2649 corum
1380 2614 1547 2656 militibus,
1569 2613 1747 2657 armigeris,
1764 2614 1806 2647 le-

1698 221 1762 254 405
1808 230 1859 257 An.
1876 230 1903 257 c.
1926 229 1992 257 1597

1840 662 1924 683 Poenae
1936 662 1996 687 spiri-

1812 689 1880 709 tuales
1890 691 1961 709 conti-a
1978 689 1996 708 et

1813 715 1912 735 auxilium
1937 721 1996 740 prae-

1813 743 1900 766 stiutcz,
1916 743 1951 761 etc.
