2253 3195
245 216 298 243 An.
312 215 342 243 c.
361 216 432 245 1596
476 207 540 242 290
1018 219 1201 244 ammarum
1219 218 1373 243 nonnum

444 267 606 300 cernenda
626 273 719 300 erunt
739 267 770 299 in
791 267 869 300 locis
888 266 992 307 nobis,
1009 273 1039 299 et
1058 267 1134 300 S.R.
1148 267 1181 299 E.
1202 268 1203 288 ³
1219 271 1342 304 tentum
1360 266 1476 300 salario
1493 266 1552 300 sibi
1566 267 1629 300 iam
1643 267 1814 310 assignato,
1837 268 1960 301 locum-

443 331 508 354 non
529 320 690 355 subiectis.
714 321 762 352 vel
782 320 861 353 alias
880 326 992 353 contra
1012 320 1182 359 officiales,
1201 297 1204 376 i
1221 320 1341 352 tenenti
1366 325 1474 353 autem
1487 319 1520 352 in
1537 320 1641 353 causis
1662 319 1808 354 civilibus
1826 321 1960 366 singulis

443 374 599 411 curiales,
631 379 794 416 exemptos
807 400 814 410 ,
842 383 879 406 ac
908 373 1185 407 contravenientes
1201 378 1203 430 ἰ
1220 372 1384 406 mensibus
1411 379 1500 406 scuta
1521 373 1754 417 quinquaginta
1775 380 1923 408 monetae
1943 385 1961 408 a

443 425 703 462 inhibitionibus,
727 431 757 458 et
784 425 899 458 litteris
918 426 1112 469 apostolicis,
1136 427 1185 460 vel
1200 434 1203 475 ξ
1219 425 1353 459 notariis
1373 436 1431 469 pro
1444 431 1514 459 rata
1525 426 1616 466 solvi,
1636 436 1696 460 nec
1712 426 1852 470 aliquam
1864 427 1960 460 aliam

442 478 538 511 etiam
558 489 616 522 pro
636 478 733 511 rebus
753 479 1009 522 dependentibus
1033 491 1051 512 a
1082 480 1185 514 causis
1200 494 1203 523 5
1219 479 1402 522 portionem
1415 489 1474 522 pro
1488 489 1526 512 eo
1539 479 1678 513 retinere
1692 480 1894 513 mandamus.
1910 479 1960 512 Ti-

442 531 664 564 criminalibus
689 541 799 564 coram
827 538 856 564 te
885 539 916 565 et
950 533 1012 566 tuis
1037 533 1069 565 in
1099 533 1184 566 dicto
1200 525 1202 560 ἶ
1219 532 1251 564 bi
1273 532 1414 575 insuper,
1431 531 1558 576 tuisque
1571 533 1808 566 successoribus
1827 533 1958 576 praedi-

442 583 546 616 officio
567 585 806 617 successoribus
827 585 969 627 legitime
992 586 1184 619 introductis
1200 579 1202 634 ,¹
1219 585 1277 618 ctis
1296 586 1480 619 facultatem
1493 586 1628 619 relaxari
1648 586 1786 619 faciendi
1804 596 1962 630 pauperes

441 647 478 670 ac
497 637 723 680 pendentibus,
741 638 889 672 volumus
905 639 1027 682 pariter
1044 645 1074 672 et
1095 650 1184 673 man·
1201 669 1202 682 ,
1218 644 1399 672 carceratos
1417 645 1505 672 extra
1527 639 1654 673 Curiam
1671 650 1731 683 pro
1752 639 1868 672 debitis
1887 639 1962 672 eivi-

443 690 556 723 damus
570 690 754 724 huiusmodi
769 691 943 725 monitoria
955 702 1019 725 non
1034 693 1180 731 relaxari,
1200 710 1201 714 =
1219 691 1313 730 libus,
1330 698 1361 725 et
1373 692 1482 735 vigore
1502 703 1635 726 suorum
1653 693 1879 726 mandatorum
1893 697 1961 726 tan-

442 743 501 776 nisi
513 744 606 783 sacto,
617 749 652 776 ut
664 745 855 787 praefertur,
868 745 1063 788 prius¹verbo
1077 746 1185 779 nobis-
1200 745 1202 802 ί
1218 750 1286 777 tum
1307 750 1361 778 tuo
1381 745 1526 786 arbitrio,
1543 746 1630 779 iuxta
1649 746 1814 779 facultates
1831 756 1962 779 conces-

443 807 526 833 cum,
544 807 599 830 seu
614 808 686 830 cum
701 798 847 831 Romano
856 799 1012 832 Pontifice
1031 810 1090 843 pro
1105 806 1184 833 tem·
1200 805 1202 853 t
1218 808 1268 830 sas
1281 798 1498 831 visitatoribus
1515 809 1682 832 carcerum
1694 798 1789 832 Urbis
1808 809 1866 842 per
1885 809 1961 832 con-

442 860 520 893 pore
545 850 709 883 existente.
734 851 895 890 Quantum
916 863 992 885 vero
1012 853 1125 886 attinet
1144 854 1184 886 ad
1200 866 1202 894 7
1218 850 1399 884 stitutiones
1427 851 1517 884 Pauli
1541 852 1579 884 111
1609 857 1640 884 et
1663 851 1710 884 Pii
1731 851 1755 883 V
1779 851 1896 891 editas,
1919 852 1959 885 ad

441 902 562 936 litteras
584 913 642 946 pro
663 903 826 947 capiendis
845 904 976 945 inditiis,
993 905 1202 952 mandamusvs
1219 903 1359 937 favorem
1380 915 1561 948 pauperum
1582 910 1820 937 carceratorum
1841 904 1960 948 imper-

442 955 559 988 servari
568 956 831 990 constitutionem
845 957 1185 992 felicisrecordationis
1200 959 1202 995 ζ
1220 956 1327 990 timur.
1351 957 1399 990 Ad
1419 958 1499 991 haec
1527 957 1698 991 statuimus
1712 985 1719 998 ,
1742 963 1777 990 ut
1797 957 1958 991 substituti

413 1005 421 1010 “
442 1007 489 1040 Pii
510 1009 567 1041 PP.
591 1009 628 1042 lv
653 1020 750 1053 super
775 1010 1006 1044 reformatione
1026 1012 1101 1045 dicti
1124 1012 1181 1045 tri-
1200 1030 1202 1055 j
1219 1010 1420 1043 notariorum
1442 1010 1487 1043 tui
1510 1010 1678 1043 tribunalis
1698 1021 1763 1044 non
1788 1006 1960 1043 admittan-

442 1062 579 1095 buualis.
607 1063 776 1096 Praeterea
797 1064 966 1098 statuimus
987 1070 1015 1098 et
1037 1066 1183 1099 decerni·
1200 1064 1201 1086 ἲ
1220 1069 1271 1096 tur
1294 1063 1334 1096 ad
1361 1063 1562 1096 conficienda
1593 1068 1664 1096 acta
1688 1063 1792 1096 civilia
1811 1073 1866 1096 seu
1899 1063 1960 1096 cri-

1200 1091 1201 1132 i
1218 1116 1361 1156 minalia,
1384 1126 1443 1149 nec
1463 1117 1503 1149 ad
1525 1121 1621 1149 testes
1634 1116 1875 1156 examinandos,
1898 1116 1959 1150 nisi

1974 219 2028 246 An.
2044 218 2074 246 C.
2090 218 2158 248 1596

1999 968 2030 989 De
2037 965 2160 998 substituti&

1973 997 2111 1017 notariorum.

269 1065 299 1095 De
320 1071 427 1092 superses-

243 1097 310 1112 sorus⁴

441 1126 524 1157 mus,
544 1122 579 1150 ut
598 1123 670 1161 post
689 1117 749 1150 hac
774 1118 1028 1161 supersessoriae
1054 1129 1125 1159 seu,
1149 1126 1201 1160 ut,

440 1176 566 1210 vocant,
596 1181 661 1203 non
680 1174 850 1213 araretur,
872 1171 920 1205 vel
942 1171 1112 1206 dilationes
1126 1200 1133 1213 ,
1157 1173 1182 1206 si
1200 1166 1201 1194 Ῑ

441 1232 522 1266 quae
543 1222 706 1256 interdum
729 1223 955 1257 concedendae
978 1231 1083 1266 erunt,
1107 1228 1200 1276 con-J

441 1275 598 1309 cedantur
611 1276 720 1318 gratis,
743 1277 839 1310 etiam
859 1287 918 1320 pro
938 1277 1043 1320 sigillo
1063 1285 1093 1312 et
1114 1279 1181 1313 sine

439 1328 504 1361 ulla
534 1321 659 1369 iudicis,
687 1329 876 1372 segretarii,
903 1336 957 1363 aut
977 1331 1108 1365 alterius
1128 1343 1182 1366 cu-

439 1381 630 1426 iuscumque
644 1393 800 1426 personae
817 1384 977 1423 mercede,
1001 1390 1031 1417 et
1051 1386 1181 1428 quando

439 1434 529 1479 ipsae
557 1435 823 1479 supersessoriae‚
847 1443 902 1469 aut
922 1446 986 1469 non
1018 1444 1178 1480 gravetur,
1198 1479 1199 1482 Ἴ

1218 1170 1347 1213 praevia
1363 1170 1597 1214 approbatione
1621 1170 1749 1213 collegii
1769 1170 1958 1204 corumdem

1217 1216 1429 1263 notariorum,
1454 1223 1485 1256 in
1506 1234 1570 1268 qua
1589 1224 1628 1257 de
1653 1224 1716 1257 fide
1737 1229 1767 1259 et
1786 1223 1959 1257 idoneitate

1216 1277 1490 1310 admittendorum
1515 1282 1693 1317 attestetur,
1720 1282 1751 1310 et
1767 1286 1895 1320 semper
1919 1276 1960 1310 de

1217 1340 1385 1368 consensu,
1408 1340 1464 1363 seu
1482 1329 1687 1369 licentiatua,
1704 1330 1752 1363 vel
1770 1329 1815 1363 tui
1836 1330 1959 1364 locum-

1218 1383 1353 1416 tenentis
1384 1383 1415 1415 in
1446 1383 1614 1423 civilibus,
1645 1382 1710 1416 sive
1737 1382 1959 1417 criminalibus

1217 1436 1407 1480 respective3
1437 1442 1467 1469 et
1487 1436 1571 1470 idem
1604 1435 1723 1469 servari
1742 1436 1958 1480 praecipimus

438 1498 493 1521 scu
512 1488 681 1521 dilationes
702 1489 901 1522 revocandae
913 1496 1017 1530 erunt,
1041 1497 1200 1534 praeter-t
1217 1489 1255 1522 ab
1276 1489 1357 1529 aliis,
1382 1489 1436 1532 qui
1459 1489 1490 1521 in
1512 1489 1597 1522 dicto
1611 1495 1666 1522 tuo
1686 1489 1836 1522 tribunali
1858 1489 1958 1534 stipu-

438 1552 535 1585 quam
553 1542 683 1585 quando
697 1542 916 1576 concedentur
930 1543 961 1575 in
976 1543 1038 1576 vim
1053 1545 1179 1577 termini
1198 1533 1199 1558 1
1216 1542 1351 1575 lationes
1367 1541 1666 1585 ¹instrumentorum
1703 1547 1733 1576 et
1757 1541 1879 1585 rogitus
1898 1552 1957 1586 pro

438 1594 596 1628 iudicialis
617 1605 635 1628 a
665 1595 811 1628 debitore
839 1596 999 1640 suscepti,
1020 1607 1085 1640 quo
1106 1608 1180 1631 casu
1198 1578 1199 1627 i
1216 1595 1336 1629 eisdem
1363 1595 1496 1629 notariis
1522 1595 1698 1639 recipiunt3
1729 1601 1829 1639 utque
1859 1595 1956 1629 iidem

438 1650 523 1681 circa
535 1648 730 1681 solutionem
743 1649 860 1682 servari
875 1650 1023 1682 volumus
1044 1650 1075 1683 id
1094 1651 1179 1694 quod
1197 1667 1199 1691 ᾖ
1217 1655 1344 1682 tuorum
1365 1648 1748 1682 notariorum-substituti
1770 1648 1802 1682 in
1823 1648 1957 1692 singulis

438 1699 524 1733 iuxta
536 1701 652 1745 stylum
668 1701 835 1735 tribunalis
849 1701 1004 1735 hactenus
1020 1709 1178 1741 servatum
1197 1699 1199 1735 ι’
1216 1701 1329 1735 diebus
1346 1701 1502 1745 cuiusque
1519 1701 1744 1735 hebdomadae
1757 1711 1811 1735 cos
1824 1707 1957 1745 tangen-

438 1752 507 1786 suit.
532 1753 672 1787 L'lterius
693 1754 883 1788 mandamus
897 1755 1101 1795 creditorem,
1125 1757 1179 1800 qui
1216 1753 1300 1787 tibus
1320 1764 1543 1798 quoscumque
1563 1754 1722 1797 litigantes
1748 1753 1953 1798 principales,

438 1806 577 1839 obtinuit
597 1807 783 1840 mandatum
810 1808 1037 1851 exequutivum
1063 1810 1102 1842 de
1122 1820 1176 1843 ca·
1196 1807 1197 1824 ¹
1214 1817 1269 1840 seu
1299 1817 1411 1840 eorum
1442 1813 1669 1850 procuratores
1697 1807 1871 1841 informare
1899 1817 1955 1842 vo-

270 1755 300 1777 De
315 1755 422 1776 mandatis

238 1782 265 1803 d·
280 1783 391 1809 capiendo.

438 1859 556 1903 piendo
574 1866 685 1892 contra
706 1860 884 1893 debitorem
922 1863 1045 1895 ratione
1069 1862 1176 1906 suspi-

438 1912 539 1945 cionis
569 1912 672 1954 fugae,
696 1912 743 1945 vel
766 1919 967 1956 sequestrum
993 1921 1105 1947 contra
1125 1890 1197 1962 pe-i

438 1966 548 1999 eunias
569 1972 599 1999 et
619 1966 704 1999 bona
722 1966 887 2006 debitoris,
912 1967 981 2007 cogi
1001 1978 1064 2000 non
1087 1978 1178 2011 posse
1196 1979 1197 1982 ¹

438 2019 476 2051 ad
487 2019 720 2062 expediendum
733 2020 920 2052 mandatum
935 2020 1174 2063 exequutivum‚

438 2072 486 2104 vel
507 2072 615 2115 aliquo
637 2073 734 2105 modo
759 2072 971 2111 solvendum,
998 2079 1050 2106 aut
1081 2074 1196 2117 depo-'

1215 1860 1315 1893 lentes
1341 1860 1372 1893 in
1394 1866 1469 1893 nota
1493 1871 1550 1904 per
1570 1871 1624 1894 eos
1642 1860 1840 1903 designanda
1868 1860 1956 1904 sigil-

1215 1913 1302 1946 latim
1324 1913 1507 1946 describere
1525 1918 1706 1954 teneantur‚
1729 1924 1788 1947 nec
1808 1923 1867 1958 pro
1896 1913 1956 1948 hu-

1215 1966 1352 1999 iusmodi
1373 1967 1599 2010 descriptione,
1623 1973 1675 2000 aut
1697 1966 1891 2000 admissione
1915 1967 1955 2001 ad

1215 2020 1454 2052 informandum
1494 2019 1626 2060 iudices,
1661 2025 1714 2053 aut
1741 2020 1865 2061 ordine,
1898 2030 1954 2054 seu

1215 2072 1379 2115 prioritate
1393 2073 1477 2106 circa
1498 2073 1602 2117 ipsum
1616 2079 1722 2106 actum
1741 2073 1949 2113 informandi.

279 2125 308 2147 Do
333 2127 423 2147 nubun-

238 2153 423 2178 purant-mandatr-

239 2185 282 2199 mm
312 2183 421 2206 enequutt·

239 2211 317 2226 vorum.

439 2126 580 2158 nendum
603 2126 687 2158 illius
713 2132 827 2158 taxant.
851 2126 1057 2159 Decernimus
1081 2127 1176 2159 etiam
1195 2165 1196 2170 ¹
1213 2125 1334 2169 aliquid
1352 2125 1446 2158 etiam
1468 2136 1486 2158 a
1505 2131 1618 2170 sponte
1639 2125 1789 2162 dantibus
1808 2126 1953 2170 recipere

440 2184 510 2212 tuos
534 2189 618 2211 nunc
639 2185 669 2212 et
690 2190 748 2223 pro
770 2185 913 2222 tempore
941 2179 1111 2213 existentes
1132 2180 1178 2212 iu-
1213 2178 1345 2222 possint.
1380 2178 1468 2212 Ultra
1499 2179 1577 2212 haec
1608 2179 1817 2220 ordinamus,
1852 2179 1954 2214 dictos

439 2231 524 2264 dices
557 2232 646 2264 nullo
681 2232 777 2265 modo
808 2232 957 2265 mandata
989 2233 1177 2276 exequutiva
1194 2227 1195 2267 l
1214 2238 1283 2264 tuos
1302 2232 1442 2265 notarios
1463 2242 1521 2276 pro
1542 2233 1747 2266 contradictis
1767 2233 1890 2277 aliquid
1905 2233 1954 2266 ul-

437 2284 639 2318 subscribere
660 2295 772 2328 posse,
799 2285 857 2317 nisi
879 2285 967 2328 prius
986 2285 1111 2329 ipsimet
1131 2286 1175 2319 iu-
1213 2290 1260 2318 tra
1279 2285 1320 2325 id,
1345 2285 1431 2329 quod
1453 2296 1525 2319 vere
1545 2285 1678 2319 solvitur
1698 2286 1804 2319 officio
1825 2292 1953 2320 contra·

437 2338 523 2370 dices
549 2338 579 2370 in
613 2338 695 2371 libro
720 2338 961 2382 expeditionum
984 2338 1069 2371 diem
1100 2339 1176 2372 sub-
1212 2338 1383 2376 dictarum,
1411 2338 1554 2382 recipere
1575 2349 1638 2372 non
1659 2349 1762 2382 posse,
1780 2349 1884 2383 neque
1896 2338 1952 2374 de·

437 2391 618 2435 scriptionis
637 2403 732 2425 manu
755 2392 886 2436 propria
901 2392 1090 2425 notaverint.
1115 2392 1176 2425 Vo-
1211 2390 1298 2431 bere,
1322 2391 1446 2427 etiamsi
1473 2391 1534 2424 illis
1551 2397 1722 2435 propterea
1736 2391 1880 2437 partibus
1892 2391 1956 2426 suh

439 2444 543 2477 lunius
564 2445 682 2488 pariter
702 2451 732 2478 et
751 2445 920 2478 statuimus
942 2451 1030 2478 tuum
1057 2445 1087 2478 in
1116 2445 1176 2478 cri·
1211 2450 1375 2487 praetextu
1390 2443 1554 2477 celerioris
1571 2444 1782 2487 expeditionis
1802 2445 1886 2479 ultra
1902 2445 1951 2479 of-

439 2498 610 2530 minalibus
623 2499 840 2532 causislocum
857 2504 1018 2531 tenentem
1033 2509 1128 2537 nunc,
1145 2504 1172 2531 et
1211 2497 1340 2529 seratur.
1368 2497 1554 2530 Mandamus
1573 2496 1681 2535 etiam,
1699 2503 1733 2531 ut
1747 2497 1875 2538 notarii,
1891 2507 1951 2532 nec

436 2560 496 2593 pro
511 2556 654 2593 tempore
674 2551 871 2589 existentem,
890 2551 966 2584 nibil
982 2561 1074 2595 posse
1096 2549 1175 2584 reci·
1192 2566 1193 2584 t
1210 2560 1273 2582 non
1301 2549 1462 2583 substituti
1488 2549 1646 2583 dictorum
1671 2549 1870 2584 notariorum
1891 2549 1950 2584 sub

436 2612 513 2648 perc
534 2613 592 2648 pro
612 2604 773 2648 sportulis,
797 2604 852 2638 sed
871 2604 990 2638 debere
1010 2614 1078 2638 esse
1098 2613 1174 2637 con·
1190 2612 1312 2646 ,poena
1344 2602 1524 2636 triremium
1554 2608 1799 2647 perpetuarum,
1827 2601 1950 2647 aliquas

270 2442 299 2465 D‘
308 2444 385 2463 utam
394 2444 421 2463 tc·

238 2472 407 2491 eumtunenuum.
