2253 3195
101 267 148 295 An.
165 267 194 294 C.
216 265 283 294 1599

297 319 352 347 aut
371 314 512 358 plurium
536 314 709 359 insignium
731 318 944 351 saecularium
961 346 968 357 ,
993 319 1041 351 rel

298 368 436 401 cuiusvis
467 369 595 403 Ordinis
632 371 828 413 regularium
861 372 949 405 verbi
986 372 1040 405 Dei

296 422 557 464 praedicatorum
580 429 611 456 et
632 424 898 458 concionatorum
920 425 951 457 in
973 425 1037 457 eis-

297 475 370 507 dem
396 476 554 518 balliagiis
578 478 853 510 manutentionem
872 483 1039 510 converte-

296 534 420 569 rentur,
444 540 481 561 ex
499 530 560 562 hoc
581 531 726 573 profecto
745 531 888 573 ipsorum
908 541 1040 563 conver-

296 592 406 615 sorum
427 583 458 615 in
479 583 593 616 Christi
617 583 680 616 fide
702 583 963 627 perseverationi,
989 593 1040 616 ea—

297 636 511 680 rumdemque
532 636 714 669 animarum
739 636 852 675 saluti,
876 636 1039 679 divinique

297 689 400 722 cultus
421 689 621 723 incremento
653 697 684 723 et
710 690 966 730 manutentioni‚
990 696 1039 722 ut-

296 742 472 785 plurimum
494 743 727 782 consuleretur,
748 749 779 776 et
799 749 958 776 annuente
978 743 1039 776 Do—

298 795 397 836 mino,
420 796 507 829 aliud
529 797 714 839 balliagium
738 798 776 830 de
798 798 865 831 θεας
884 798 924 830 ad
945 808 1035 830 eam-

298 851 370 883 dem
382 851 635 892 conversionem,
647 862 682 884 ex
693 852 845 885 continuo
858 851 1037 885 vicinorum

297 903 341 936 ita
365 904 493 948 piorum
520 915 655 948 operum
685 905 853 944 exercitio,
882 904 982 947 magis
1002 915 1038 937 ac

298 957 399 999 magis
420 957 451 989 in
476 957 543 990 dies
564 957 768 997 invitaretur;
791 963 962 1002 propterea
981 967 1038 990 no-

298 1010 346 1043 bis
382 1010 548 1044 humiliter
584 1012 757 1055 supplicari
790 1011 913 1051 fecisti,
941 1017 975 1043 ut
1006 1011 1037 1043 in

298 1064 481 1108 praemissis
501 1071 683 1108 opportune
703 1066 872 1109 providere
894 1066 933 1099 de
949 1065 1039 1098 beni-

299 1117 418 1159 gnitate
438 1118 615 1161 apostolica
635 1119 853 1161 dignaremur.

344 1171 358 1214 ἓ
383 1170 413 1203 3.
437 1171 499 1204 Nos
524 1171 642 1213 igitur,
674 1172 729 1215 qui
761 1172 937 1205 catholicae
964 1171 1039 1204 fidei

135 1231 229 1252 Clemens
245 1231 283 1251 Ge·
299 1225 584 1268 propagationem,
615 1231 769 1268 quantum
803 1236 875 1258 cum
903 1224 1039 1258 Domino

100 1258 201 1278 hennensi
241 1264 284 1283 epi-

100 1290 172 1331 ῗωνο,
197 1285 285 1321 sacutia-
300 1288 481 1321 possumus,
498 1289 671 1322 procurare
691 1289 757 1312 non
778 1279 971 1319 desistimus,
988 1278 1039 1311 lit-

110 1312 285 1337 emtritvuupme-

101 1337 283 1390 gsssstgffssssenrffipffm
302 1338 441 1365 terarum
461 1332 536 1365 dicti
550 1332 696 1374 Gregorii
717 1332 973 1376 praedecessoris
994 1339 1040 1365 te-

298 1396 393 1418 nores
412 1386 635 1429 praesentibus
660 1397 719 1430 pro
740 1387 894 1430 expressis
914 1386 1038 1419 haben-

299 1444 356 1478 tes,
373 1439 558 1472 huiusmodi
576 1440 866 1484 supplicationibus
883 1440 1038 1479 inclinati,

299 1492 489 1525 fraternitati
518 1499 590 1526 tuae
621 1494 796 1533 unionem,
828 1494 1040 1527 annexionem

300 1551 330 1578 et
359 1546 673 1589 incorporationem,
698 1547 926 1580 extinctionem
942 1575 949 1588 ,
974 1558 1042 1580 am-

300 1599 487 1643 pliationem
508 1605 539 1633 et
552 1601 716 1634 decretum
738 1601 768 1633 in
783 1601 956 1645 praedictis
967 1601 1043 1635 Gre—

300 1653 381 1695 gorii
401 1654 660 1696 praedecessoris
680 1655 794 1688 litteris
819 1661 980 1695 contenta,
1005 1656 1043 1688 de

300 1707 456 1750 praedicti
478 1707 582 1741 Caroli
602 1708 821 1741 Emmanuelis
846 1709 936 1742 ducis
961 1719 1041 1742 eon-

301 1771 417 1801 sensu,
442 1762 618 1804 apostolica
647 1763 858 1802 auctoritate,
888 1769 1045 1807 perpetuo

303 1814 508 1855 dissolvendi,
533 1816 800 1855 dismembrandi,
826 1817 997 1849 revocandi
1015 1823 1043 1850 et

303 1869 504 1909 annullandi,
532 1879 568 1902 ac
588 1870 791 1912 parochiales
815 1870 967 1903 ecclesias
987 1881 1043 1903 su-

131 1931 247 1953 Parochias
263 1932 288 1952 ae
303 1922 465 1965 pradictas
496 1922 704 1959 restituendi,
728 1935 783 1956 seu
810 1924 848 1956 de
869 1934 951 1957 noro
979 1925 1043 1957 eri-

105 1964 160 1979 πονο
184 1959 289 1983 erigendi,

106 1985 149 2006 sive
185 1985 289 2005 baneam
305 1976 400 2018 gendi
425 1981 456 2009 et
476 1976 673 2017 instituendi,
697 1976 907 2021 ipsorumque
927 1978 1048 2011 beneti-

106 2013 136 2032 εἰς
159 2012 244 2032 uniendi
270 2014 291 2031 et
326 2029 331 2034 ,

106 2039 211 2068 parochos
253 2038 431 2061 eti-morum
462 2030 603 2070 fructus,
637 2030 783 2063 redditus
815 2037 846 2063 et
872 2038 1048 2075 proventus

107 2065 176 2091 “end''
305 2083 545 2126 praedictarum
566 2084 774 2117 eeclesiarum
796 2085 988 2123 rectoribus,
1013 2085 1049 2117 il-

304 2137 475 2180 larumque
506 2137 787 2180 reparationibus,
817 2149 944 2171 necnon
976 2144 1048 2172 octo

304 2190 568 2234 presbyterorum
590 2190 817 2230 saecularium,
833 2191 888 2234 qui
902 2191 934 2224 in
948 2193 1049 2225 eccle-

304 2244 351 2277 sia
371 2243 547 2288 parochiali
562 2244 672 2287 oppidi
685 2245 724 2277 de
737 2245 881 2283 leonon,
900 2246 986 2288 quod
1000 2245 1048 2278 in-

305 2298 394 2340 signe
415 2303 471 2337 est,
488 2297 602 2330 divinis
616 2297 728 2330 officiis
743 2303 773 2330 et
785 2298 931 2337 servitiis,
945 2309 1050 2331 sacra—

306 2356 555 2394 mentorumque
584 2350 853 2384 administrationi
879 2351 1045 2392 insistant,

306 2409 337 2437 et
357 2404 453 2436 trium
474 2405 514 2437 ad
540 2404 646 2437 minus
668 2404 769 2446 magis
790 2404 1003 2443 eruditorum,
1019 2410 1050 2437 et

307 2462 370 2489 tam
399 2457 613 2490 saecularium
639 2468 735 2500 quam
765 2457 903 2490 cuiusvis
923 2457 1049 2490 Ordinis

307 2510 526 2553 regularium,
550 2511 685 2544 arbitrio
719 2517 772 2543 tuo
808 2511 1045 2553 eligendorum,

307 2564 396 2597 verbi
422 2564 477 2598 Dei
505 2565 764 2608 praedicatorum
786 2564 818 2597 in
839 2565 959 2597 eisdem
980 2565 1048 2597 bal-

308 2617 412 2660 liagiis
433 2619 747 2651 manutenendorum
772 2618 993 2652 sustentationi
1020 2624 1050 2652 et

310 2671 469 2705 alimentis
496 2672 590 2704 etiam
622 2676 779 2717 perpetuo
807 2671 989 2715 applicandi
1019 2678 1049 2705 et

910 267 1055 295 CLEMENS
1075 271 1132 295 VIII
1152 270 1202 294 Pr.

1718 258 1782 291 487
1829 268 1878 294 An.
1895 267 1923 295 c.
1946 267 2014 295 1599

1075 317 1317 362 appropriandi,
1341 322 1511 361 postquam
1533 316 1660 356 milites,
1684 327 1740 350 seu
1761 327 1814 350 eo-
1850 331 1923 356 ,timna
1940 336 2015 360 omm-

1076 383 1147 404 rum
1177 382 1330 414 magnum
1356 371 1545 413 magistrum
1578 381 1636 414 pro
1670 376 1815 414 tempore
1831 358 1972 404 l-¹÷¹[?.‘.'litf¹¹⁰'¹¹
1988 359 2015 377 ω’

1075 425 1261 458 existentem
1277 436 1313 457 ex
1327 425 1566 468 praedictorum
1582 424 1815 456 beneficiorum

1075 483 1161 517 tunc,
1189 483 1225 511 ut
1242 480 1431 521 praefertur,
1456 478 1621 510 unitorum
1645 477 1814 515 fructibus,

1075 531 1254 563 redditibus
1283 537 1314 563 et
1344 531 1573 574 proventibuS,
1602 529 1814 572 generaliter,

1074 588 1128 615 aut
1141 584 1379 626 particulariter
1393 584 1431 616 ab
1445 584 1585 627 ipsarum
1607 583 1817 616 ecclesiarum

1074 637 1264 677 rectoribus,
1278 643 1332 670 aut
1346 637 1618 670 monasteriorum
1632 636 1814 675 abbatibus,

1073 695 1128 722 aut
1147 690 1350 733 prioratuum
1373 691 1547 734 prioribus,
1571 701 1627 723 seu
1647 690 1717 723 aliis
1738 689 1813 733 qui-

1073 743 1273 788 buscumque
1294 744 1339 776 nil
1361 755 1502 788 unquam
1527 750 1636 788 petere
1649 749 1704 776 aut
1724 754 1815 787 prae-

1073 797 1204 830 tendere
1219 825 1226 836 ,
1250 808 1306 830 seu
1333 798 1421 830 litem
1451 798 1610 840 desuper,
1634 803 1664 829 et
1684 807 1812 829 causam

1072 851 1334 893 quomodolibet,
1359 857 1389 884 et
1419 851 1531 894 quovis
1561 855 1728 894 praetextu
1759 855 1814 883 aut

1072 905 1179 937 colore
1194 932 1201 945 ,
1226 915 1355 938 movere
1382 905 1542 937 ullatenus
1562 915 1675 948 posse,
1699 904 1811 936 decer-

1071 958 1180 998 nendi,
1196 959 1252 991 sed
1270 964 1460 1002 perpetuum
1480 958 1542 991 illis
1559 958 1698 1001 desuper
1717 957 1813 990 silen-

1072 1011 1151 1044 tium
1172 1012 1371 1055 imponendi,
1388 1012 1509 1055 tibique
1535 1012 1574 1044 de
1594 1011 1655 1044 illis
1675 1011 1715 1043 ad
1736 1010 1811 1044 ess'e-

1073 1071 1157 1098 ctum
1180 1066 1392 1108 praemissum
1414 1066 1525 1106 libere,
1554 1071 1585 1098 et
1605 1065 1737 1098 omnino
1758 1064 1809 1097 di-

1072 1119 1231 1162 sponendi
1252 1119 1283 1151 in
1304 1119 1455 1151 omnibus
1475 1125 1506 1152 et
1525 1129 1583 1162 per
1602 1118 1712 1151 omnia
1725 1145 1732 1158 ,
1755 1128 1812 1161 pe-

1074 1172 1165 1205 rinde
1186 1183 1222 1205 ac
1247 1172 1272 1205 si
1300 1173 1412 1205 eadem
1437 1172 1535 1213 unio,
1559 1171 1694 1204 annexio
1715 1177 1746 1204 et
1766 1171 1813 1203 in-

1074 1226 1257 1269 corporatio
1278 1226 1323 1259 eis
1352 1237 1409 1259 seu
1433 1236 1544 1258 eorum
1573 1225 1706 1258 militiae
1733 1225 1814 1258 sacta

1074 1290 1139 1312 non
1160 1279 1288 1319 suisset,
1310 1285 1340 1313 et
1361 1280 1455 1323 plena
1476 1279 1665 1312 eorumdem
1693 1278 1815 1311 benefi-

1075 1334 1199 1367 ciorum
1214 1334 1381 1377 dispositio
1390 1334 1430 1366 ad
1445 1339 1474 1366 te
1488 1337 1657 1376 spectaret,
1675 1332 1735 1364 hac
1747 1331 1815 1364 vice

1075 1388 1257 1428 dumtaxat,
1278 1387 1468 1420 auctoritate
1494 1386 1681 1431 apostolica,
1706 1391 1816 1418 tenore

1075 1441 1305 1485 praesentium,
1326 1441 1487 1474 licentiam
1500 1446 1530 1473 et
1544 1440 1727 1473 facultatem
1743 1449 1818 1472 con-

1077 1495 1220 1528 cedimus
1241 1501 1272 1528 et
1293 1495 1509 1538 impertimur.
1533 1494 1569 1527 Et
1582 1493 1793 1526 nihilominus
1808 1519 1815 1533 ‚

1077 1554 1112 1581 ut
1131 1549 1163 1581 in
1184 1549 1259 1592 ipsis
1284 1548 1523 1592 parochialibus
1543 1547 1703 1587 ecclesiis,
1727 1546 1816 1579 aliis-

1078 1613 1140 1646 que
1157 1602 1323 1635 beneficiis
1337 1601 1534 1642 huiusmodi,
1550 1606 1584 1633 ut
1603 1599 1819 1633 necessarium

1078 1661 1142 1695 est,
1171 1655 1278 1688 idonei
1311 1661 1452 1688 rectores
1480 1661 1510 1687 et
1541 1660 1685 1698 pastores
1710 1653 1821 1695 vigiles

1080 1709 1285 1752 deputentur,
1309 1708 1363 1751 qui
1392 1708 1432 1741 ad
1461 1718 1592 1750 gravem
1618 1707 1761 1750 ipsarum
1783 1706 1822 1738 de

1080 1773 1162 1796 novo
1176 1772 1403 1795 conversarum
1416 1761 1597 1794 animarum
1612 1771 1722 1793 curam
1737 1771 1825 1793 exer-

1081 1817 1215 1849 cendam
1230 1821 1360 1849 strenue
1381 1815 1558 1857 invigilent,
1571 1814 1693 1857 tibique
1714 1814 1753 1846 de
1765 1814 1825 1847 eis-

1082 1871 1154 1903 dem
1169 1869 1407 1914 parochialibus
1421 1868 1575 1908 ecclesiis,
1591 1878 1716 1901 necnon
1728 1868 1824 1901 etiam

1081 1922 1451 1967 perpetuiscapellaniis,
1469 1933 1525 1955 seu
1537 1922 1689 1961 ecclesiis,
1706 1927 1761 1954 aut
1774 1932 1826 1954 ca-

1082 1978 1184 2020 pellis,
1197 1983 1227 2010 et
1240 1977 1309 2010 aliis
1319 1976 1483 2009 beneficiis
1491 1976 1687 2015 huiusmodi,
1698 1975 1824 2008 etiamsi

1083 2031 1121 2063 de
1143 2030 1405 2074 iurepatronatus
1423 2029 1622 2073 quorumvis,
1639 2035 1703 2062 tam
1724 2029 1824 2061 laico-

1083 2093 1154 2115 rum
1176 2089 1207 2116 et
1227 2082 1385 2115 nobilium
1412 2093 1509 2126 quam
1531 2082 1720 2125 quorumvis
1744 2081 1825 2114 alio-

1083 2148 1166 2177 rum,
1179 2148 1216 2170 ex
1229 2137 1415 2170 fundatione
1429 2148 1484 2170 seu
1497 2137 1661 2170 dotatione
1675 2136 1820 2175 existant,

1083 2192 1390 2235 quomodocumque
1410 2203 1468 2235 per
1488 2191 1663 2229 haeresim,
1687 2190 1821 2223 devolu-

1085 2245 1216 2286 tionem,
1233 2246 1375 2278 autalias
1384 2245 1692 2289 quomodocumque
1708 2254 1824 2277 vacan-

1084 2299 1178 2338 tibus,
1197 2309 1257 2342 pro
1278 2299 1338 2331 hac
1358 2299 1438 2338 vice,
1456 2298 1487 2330 in
1508 2298 1647 2330 savorem
1668 2308 1824 2341 personae

1083 2363 1138 2385 seu
1158 2362 1370 2395 personarum
1390 2352 1446 2385 tibi
1468 2351 1703 2391 benevisarum,
1728 2351 1822 2383 habi-

1083 2405 1160 2437 lium
1176 2411 1206 2437 et
1226 2405 1415 2438 idonearum
1434 2405 1639 2449 disponendi,
1656 2410 1687 2438 et
1707 2405 1746 2438 de
1764 2405 1825 2438 illis

1083 2459 1285 2502 providendi,
1308 2470 1433 2492 necnon
1456 2469 1521 2499 eos,
1537 2459 1590 2502 qui
1612 2459 1766 2492 hactenus
1787 2460 1825 2492 de

1084 2512 1174 2545 dictis
1194 2512 1434 2555 parochialibus
1451 2513 1594 2545 ecclesiis
1615 2513 1732 2556 provisi
1751 2513 1822 2546 sue-

1083 2571 1168 2605 runt,
1186 2571 1344 2609 quatenus
1357 2566 1397 2599 ad
1411 2576 1521 2599 curam
1542 2565 1725 2598 animarum
1738 2577 1825 2599 exer-

1083 2619 1217 2652 cendam
1238 2619 1345 2652 idonei
1363 2629 1429 2653 non
1449 2620 1661 2664 reperiantur,
1684 2631 1826 2653 summa-

1083 2672 1141 2713 rie,
1156 2673 1194 2705 dc
1215 2673 1323 2717 plano,
1338 2673 1406 2706 sine
1419 2674 1552 2718 strepitu
1574 2679 1605 2708 ct
1625 2674 1728 2718 figura
1742 2674 1824 2708 iudi-
