2253 3195
255 182 304 210 An.
321 183 349 211 c.
372 184 439 212 ¹593
486 176 527 208 76
1036 188 1219 212 emmaum
1236 188 1390 212 Romanuin
1984 187 2032 214 An.
2049 185 2077 214 c.
2098 187 2168 216 1593
2184 186 2194 205 '-

455 233 542 274 alias,
566 241 659 278 prout
683 235 713 268 in
734 235 933 278 praemissis,
958 241 1191 278 transegerunt,
1231 235 1351 269 moriae
1372 236 1446 269 Pius
1465 236 1551 280 Papa
1579 236 1618 276 V,
1642 236 1763 280 pariter
1782 237 1971 280 praedeces·
2033 249 2082 270 etus
2098 247 2116 268 v
2132 233 2205 283 ‹is-'3

454 294 673 321 convenerunt
690 294 720 321 et
733 288 980 321 concordarunt.
1003 290 1045 321 Ac
1063 289 1193 322 demum
1229 299 1282 322 sor
1292 294 1412 329 noster,
1426 295 1559 333 accepto
1573 289 1660 332 quod
1673 289 1776 322 bonae
1793 289 1890 323 etiam
1904 300 1972 323 me·
1985 276 2169 332 'gffiss‘sslimffi
2195 320 2204 328 .

277 348 437 386 onya-nequeat-
454 340 556 373 dictus
581 340 679 374 Iulius
709 341 947 384 praedecessor,
979 341 1019 374 ad
1050 342 1194 386 ipsorum
1229 342 1350 375 moriae
1376 342 1500 383 Carolo,
1533 342 1614 375 tituli
1635 342 1665 375 S.
1688 342 1858 386 Grisogoni
1884 353 1972 387 pres·
1986 328 2170 385 &Elisssl-‘J‘ssssss
2208 384 2212 387 Δ

255 375 437 422 22i3'1'11¹1'-f.¹-.'1'.¹2}.=¹.¹¹
453 394 623 428 Alexandri
643 394 814 428 cardinalis
827 400 856 428 et
877 395 954 428 cleri
974 402 1096 440 preces,
1120 408 1196 430 con-
1212 417 1215 446 3
1229 395 1341 440 bytero
1359 396 1515 429 cardinali
1536 395 1698 429 Boi-honio
1719 401 1915 440 nuncupato,
1939 396 1970 429 in
1986 383 2025 429 l'dss.
2048 383 2169 404 ¹¹¹⁰¹⁶⁵²³W
2193 396 2211 426 5·

453 447 608 486 cordiam,
621 447 867 481 transactionem
880 459 936 481 seu
950 449 1194 483 conventionem
1212 448 1215 499 Q
1230 449 1336 482 locuni
1355 449 1525 482 Alexandri
1552 449 1738 488 cardinalis,
1763 450 1870 494 quoad
1886 449 1972 492 lega-

453 499 642 543 praedictas‚
659 510 717 533 nec
735 511 811 540 non,
827 507 922 544 prout
937 501 1006 535 illas
1024 513 1197 537 concerne-
1233 502 1352 536 tionem
1383 503 1568 536 huiusmodi
1596 503 1740 544 suffecto,
1776 503 1862 536 illius
1889 513 1968 547 pro-

453 553 540 592 bant,
554 553 663 586 omnia
674 559 705 586 et
717 553 843 596 singula
853 554 915 587 alia
929 555 961 588 in
974 555 1197 590 instrumentis
1231 561 1359 589 curator
1378 556 1506 592 fiscalis.
1529 556 1623 589 simul
1637 547 1737 600 'atque
1755 556 1914 600 quispiam
1935 567 1973 590 ex

453 615 507 638 seu
528 605 598 638 aliis
615 605 781 649 seripturis
795 607 933 651 desuper
950 608 1103 642 confectis
1121 619 1196 655 con·
1230 609 1316 642 dicto
1337 610 1423 642 clero
1450 610 1488 642 ab
1520 609 1675 643 humanis·
1698 610 1894 651 decesserat,
1919 610 1974 643 de-

1229 663 1328 696 functi
1348 662 1449 706 spolia
1469 663 1574 696 statim
1596 663 1857 707 apprehendere,
1881 663 1974 697 fisco—

1230 726 1292 760 que
1318 715 1414 758 legati
1440 715 1603 749 vindicare
1632 721 1664 749 et
1692 717 1914 760 appropriare,
1937 727 1974 750 ac

1231 769 1308 802 alias
1320 769 1442 802 clerum
1463 780 1561 813 super
1579 769 1683 803 libera
1694 770 1843 804 facultate
1860 771 1900 804 de
1917 771 1974 804 bo-

1231 823 1279 856 nis
1298 823 1364 856 suis
1384 823 1417 857 in
1442 823 1556 856 ultima
1587 824 1749 857 voluntate
1781 823 1974 868 disponendi

1231 876 1419 920 perturbare
1451 877 1643 917 conabatur,
1667 877 1699 909 in
1721 887 1873 920 magnum
1894 877 1973 911 cleri

1231 929 1465 973 praeiudicium
1480 935 1510 964 et
1520 930 1632 974 populi
1644 930 1873 964 Avenionensis
1883 941 1975 964 scan-

1232 983 1356 1024 dalumg
1381 983 1552 1028 eidemque
1572 984 1628 1017 Pio
1648 984 1890 1028 praedecessori
1913 995 1974 1029 pro

1231 1043 1321 1080 parte
1342 1037 1420 1071 cleri
1440 1042 1472 1071 et
1495 1048 1707 1081 personarum
1734 1037 1974 1082 praedictartun

1231 1090 1411 1135 supplicato
1428 1096 1461 1123 ut
1480 1091 1512 1123 in
1535 1090 1720 1135 praemissis
1741 1091 1910 1135 providere
1927 1090 1975 1125 di-

1231 1149 1395 1186 gnaretur,
1426 1144 1529 1177 dictus
1548 1144 1622 1177 Pius
1642 1144 1873 1188 praedeeessor
1892 1155 1972 1178 cou-

1232 1197 1387 1237 cordiam,
1404 1197 1652 1231 instrumentum
1670 1208 1706 1231 ac
1720 1198 1884 1231 decretum
1899 1198 1974 1232 dieti

1231 1250 1301 1283 Iulii
1314 1251 1353 1284 ΙΙΙ
1373 1251 1478 1294 quoad
1499 1250 1603 1295 spolia
1622 1251 1698 1284 cleri
1723 1261 1788 1284 non
1806 1251 1971 1294 exigenda,

454 664 538 692 tenta
558 664 589 692 et
609 659 671 692 alia
696 659 770 693 inde
796 667 930 704 sequuta
959 672 1192 707 quaecumque,

453 712 538 745 licita
556 718 583 745 et
602 712 747 754 honesta,
768 724 805 747 ac
821 715 919 748 sacris
940 715 1118 749 canonibus
1138 717 1197 749 mi-

452 766 538 800 nime
555 767 728 807 contraria,
745 769 935 802 auctoritate
953 770 1139 814 apostoliea,
1160 781 1195 804 ex

453 825 539 853 certa
559 820 693 854 scientia
713 832 780 862 sua,
801 821 1003 856 confirmavit
1022 828 1053 856 et
1073 833 1193 867 appro-

452 872 548 911 bavit,
571 883 607 906 ac
628 873 690 907 illis
709 881 885 919 perpetuae
907 875 1068 910 firmitatis
1098 877 1198 910 robur

452 925 579 967 adiecit,
603 937 779 972 omnesque
799 934 831 961 et
847 928 989 971 singulos
1011 930 1089 963 iuris
1106 936 1134 964 ct
1153 931 1198 964 fa—

453 978 494 1012 cti
516 979 672 1021 defectus,
696 981 721 1013 si
742 981 796 1024 qui
826 982 930 1015 forsan
953 982 1197 1018 intervenissent

454 1031 485 1065 in
498 1032 631 1073 eisdem,
646 1034 801 1078 supplevit
813 1046 820 1075 ;
835 1045 893 1068 nec
905 1046 969 1069 non
986 1042 1092 1080 partes
1104 1048 1197 1081 prae-

453 1086 553 1120 dictas
573 1087 613 1120 ab
633 1088 679 1122 eis
700 1089 813 1132 quovis
832 1095 999 1133 praetextu
1029 1101 1086 1124 seu
1112 1102 1194 1136 qua-

454 1151 592 1185 cumque
613 1142 782 1176 occasione
803 1143 850 1176 vel
873 1154 967 1177 causa
988 1145 1112 1178 resilire
1132 1156 1196 1179 non

453 1204 558 1238 posse,
581 1195 637 1228 scd
657 1196 697 1229 ad
728 1195 858 1229 illorum
890 1198 1018 1231 totalem
1050 1198 1198 1232 observa-

453 1247 574 1281 tionem
590 1249 702 1286 teneri.
723 1255 753 1282 et
774 1250 813 1283 ad
834 1251 865 1283 id
886 1251 1061 1292 sententiis,
1085 1263 1198 1286 censu-

454 1301 497 1334 ris
518 1307 545 1334 et
568 1302 680 1346 poenis
701 1303 935 1341 ecclesiasticis,
956 1315 992 1338 ac
1013 1305 1082 1339 aliis
1101 1317 1197 1350 pecu-

454 1355 575 1396 niariis,
609 1356 755 1390 invocato
777 1358 872 1391 etiam
902 1359 941 1391 ad
970 1359 1041 1399 hoc,
1071 1359 1096 1393 si
1117 1370 1197 1405 opus

454 1408 558 1449 suerit,
583 1410 702 1444 auxilio
722 1411 845 1445 brachii
867 1412 1050 1454 saecularis,
1075 1413 1145 1456 cogi
1167 1421 1197 1448 et

454 1463 616 1506 compelli,
641 1474 698 1497 nec
720 1465 759 1498 dc
783 1471 911 1499 caetero
931 1467 1053 1500 clerum
1076 1473 1106 1500 et
1126 1479 1198 1512 per-

453 1519 547 1549 sonas
559 1516 743 1551 huiusmodi
757 1518 917 1552 ullatenus
930 1530 988 1563 per
1008 1520 1111 1564 ipsum
1126 1522 1197 1554 Ale-

453 1569 609 1602 xandrum
639 1570 835 1604 cardinalem
864 1578 892 1605 ct
915 1573 1052 1615 legatum
1084 1585 1197 1608 suosve

453 1622 484 1655 in
507 1623 590 1656 dicta
611 1623 772 1667 legatione
802 1636 1003 1660 successores
1023 1633 1075 1660 aut
1106 1638 1196 1660 enm—

453 1676 526 1709 dem
538 1677 652 1710 Iulium
668 1678 947 1721 praedecessorem
961 1680 1009 1712 rel
1026 1691 1198 1724 quoscum-

453 1740 516 1773 que
535 1731 614 1764 alios
627 1731 787 1766 Romanos
808 1733 978 1767 Pontifices
998 1745 1197 1769 successores

453 1794 527 1817 suos
547 1795 605 1828 pro
627 1790 771 1829 tempore
802 1786 981 1827 existentes,
1006 1788 1052 1820 vel
1081 1788 1120 1821 ad
1151 1788 1197 1821 di-

454 1844 536 1871 ctam
558 1838 672 1872 Sedem
695 1840 760 1872 ullo
774 1851 927 1884 umquam
943 1846 1088 1885 tempore
1101 1852 1198 1886 super

454 1891 618 1925 exactione
660 1892 817 1926 dictorum
849 1893 1026 1937 spoliorum
1044 1922 1050 1934 ,
1085 1895 1197 1938 quovis

454 1945 600 1989 quaesito
621 1947 740 1986 colore,
759 1947 921 1980 molestari
940 1953 991 1980 aut
1014 1949 1196 1992 perturbari

454 2009 564 2043 posse,
597 1999 706 2043 sicque
738 2012 795 2044 per
826 2011 1046 2044 ‹most-umque
1077 2001 1197 2035 iudices

454 2052 703 2091 commissarios,
728 2053 823 2087 ctiam
845 2054 874 2088 S.
891 2054 925 2087 n.
946 2054 978 2087 Ε,
1003 2055 1193 2095 cardinales,

453 2107 576 2139 sublata
597 2107 642 2140 eis
663 2113 691 2140 ct
712 2118 824 2140 corum
853 2107 982 2141 cuilibet
1010 2108 1120 2152 quavis
1140 2108 1197 2141 ali-

455 2167 502 2194 ter
523 2160 684 2195 iudicandi
699 2167 729 2194 et
749 2161 980 2205 interpretandi
1001 2162 1147 2195 t'acttltatc
1168 2168 1196 2195 et

453 2214 656 2253 auctoritate,
682 2215 815 2248 iudicari
849 2221 876 2248 et
899 2215 1029 2248 diffiniri
1061 2215 1194 2251 debere:

454 2279 489 2301 ac
509 2269 667 2312 quidquid
688 2280 777 2301 set-ns
795 2280 892 2312 super
913 2269 961 2301 tiis
981 2280 998 2301 a
1019 2279 1194 2313 quoquam,

454 2322 563 2365 quavis
587 2322 788 2361 auctoritate,
812 2322 951 2355 scienter
972 2323 1016 2354 rel
1048 2315 1214 2363 itineran-¹

456 2382 513 2412 ter,
531 2375 677 2408 attentari
700 2375 892 2414 contineret,
909 2375 1033 2408 irritmn
1053 2383 1080 2409 ct
1104 2377 1197 2410 inane

405 2432 407 2436 ⁴
455 2428 606 2466 decrevit,
623 2435 713 2472 prout
731 2429 760 2460 in
777 2428 989 2462 instrtmtcnto
1007 2440 1061 2462 scu
1082 2430 1198 2463 instru-

1228 1303 1419 1348 *litterasque
1449 1310 1477 1337 et
1518 1304 1593 1337 inde
1623 1310 1759 1348 sequuta
1788 1304 1975 1340 huiusmodi

1232 1368 1454 1402 quaecumque
1475 1357 1652 1402 apostolica
1672 1358 1863 1392 auctoritate
1892 1369 1972 1392 con-

1232 1411 1370 1445 firmavit
1389 1417 1419 1445 et
1433 1411 1632 1456 approbavit,
1649 1421 1685 1444 ac
1706 1411 1792 1455 ipsos
1809 1412 1931 1446 elerum
1945 1418 1977 1446 et

1231 1476 1384 1509 personas
1405 1465 1636 1499 ecclesiasticas
1657 1476 1715 1510 per
1731 1465 1878 1499 Carolum
1899 1476 1973 1500 ear-

1231 1519 1373 1552 dinalem
1394 1525 1424 1553 et
1454 1529 1512 1563 pro
1534 1525 1679 1563 tempore
1699 1519 1870 1553 existentes
1890 1520 1976 1564 lega-

1233 1579 1280 1606 tos
1309 1583 1406 1617 super
1431 1572 1543 1617 spoliis
1571 1572 1755 1606 huiusmodi
1785 1573 1824 1606 de
1849 1579 1976 1607 caetero

1232 1626 1396 1659 molestari
1426 1635 1490 1659 non
1520 1625 1649 1666 debere,
1674 1625 1824 1665 decrevit,
1848 1625 1976 1671 aliaque

1233 1681 1263 1713 in
1284 1680 1333 1713 his
1347 1679 1526 1714 necessaria
1549 1679 1622 1713 tecit
1641 1685 1672 1713 et
1690 1680 1865 1721 ordinavit,
1880 1686 1976 1725 prout

1232 1735 1263 1767 in
1277 1733 1342 1767 suis
1355 1734 1494 1777 desuper
1507 1733 1661 1767 consectis
1672 1733 1785 1767 litteris
1801 1733 1976 1778 respective

1232 1787 1358 1831 plenius
1379 1786 1573 1820 continetur.

1276 1842 1292 1883 ἓ
1313 1839 1342 1873 3.
1367 1841 1443 1873 Cum
1466 1846 1583 1877 antem,
1607 1840 1686 1873 sicut
1714 1840 1853 1874 exhibita
1883 1840 1975 1875 nobis

1231 1958 1381 1980 sonarum
1404 1947 1691 1981 ecclesiasticarum
1707 1947 1818 1991 petitio
1833 1947 1976 1981 contine-

1232 2002 1295 2039 bat,
1320 2002 1378 2046 ipsi
1408 2002 1536 2046 cupiant
1559 2001 1778 2042 concordiam,
1803 2001 1926 2035 litteras
1945 2007 1975 2036 et

1231 2056 1291 2089 alia
1324 2055 1499 2099 praemissa
1531 2067 1588 2098 per
1618 2054 1732 2089 Sedent
1759 2055 1974 2099 Apostolieam

1231 2109 1418 2143 confirmari
1441 2115 1469 2142 et
1489 2109 1675 2153 approbari,
1691 2109 1848 2153 nobisque
1870 2108 1976 2143 humi-

1212 2195 1214 2202 ,
1233 2162 1304 2195 liter
1316 2162 1490 2207 supplicari
1513 2162 1642 2195 fecerint
1664 2168 1833 2206 quatenus,
1850 2172 1908 2206 pro
1922 2160 1976 2195 fir·

1233 2215 1326 2248 miori
1349 2215 1477 2248 illorum
1499 2215 1716 2254 subsistentia,
1737 2214 1837 2248 robur
1848 2219 1976 2249 nostrae

1232 2269 1486 2303 confirmationis
1506 2268 1654 2302 similiter
1667 2268 1818 2309 adiicere,
1833 2268 1976 2313 aliasque

1233 2323 1262 2356 in
1285 2323 1468 2367 praemissis
1481 2328 1662 2367 opportune
1677 2321 1844 2366 providere
1862 2322 1901 2355 de
1922 2322 1975 2355 be-

1233 2376 1386 2417 nignitate
1407 2376 1583 2420 apostolica
1604 2375 1823 2417 dignaremur.

1277 2430 1344 2473 §fn
1369 2431 1431 2463 Nos
1464 2430 1560 2473 igitur
1584 2430 1706 2462 clerum
1738 2435 1766 2463 et
1797 2429 1976 2471 singulares
1990 2433 2173 2488 qu‘g'gffiffijffir
2208 2423 2230 2473 '⁴¹

457 2482 571 2515 menti.-¹
592 2488 619 2514 ct
643 2482 834 2525 quibusdam
862 2483 975 2516 litteris
1008 2483 1107 2527 ipsius
1128 2484 1196 2517 tutti
1232 2484 1299 2517 eins
1317 2484 1459 2528 aliasque
1487 2493 1640 2528 personas
1661 2483 1841 2526 praedictas
1860 2494 1877 2516 a
1898 2482 1972 2527 qui-

456 2535 721 2579 praedecessoris,

1233 2537 1338 2571 ⁸·usvis
1364 2536 1722 2577 excommunicationis,
1756 2535 1976 2581 suspensionis

500 2591 516 2630 3
538 2587 567 2621 2.
595 2589 800 2622 Postmodum
823 2600 896 2623 vero
921 2591 1111 2625 recolendae
1133 2587 1215 2628 ine-l
1231 2596 1259 2625 et
1284 2590 1443 2624 interdicti
1458 2589 1592 2634 aliisque
1609 2589 1832 2624 ecclesiasticis
1849 2594 1976 2624 senten·

2021 1847 2093 1870 eturus
2105 1848 2174 1870 omnio
2224 1856 2234 1863 ο

1231 1905 1335 1938 nuper
1355 1905 1414 1937 pro
1436 1899 1524 1938 parte
1545 1894 1734 1927 eorumdem
1756 1894 1832 1927 cleri
1854 1899 1883 1928 et
1903 1905 1975 1938 per·
1990 1874 2175 1929 iitilffioivffiss
2215 1911 2218 1915 ·
