2253 3195
39 250 93 278 Au.
109 249 139 276 C.
161 249 230 277 1596

78 514 176 535 Mulieres
192 518 220 536 te·

37 543 126 562 noantnr
140 542 221 562 solvere

37 573 71 588 res
90 567 140 593 ipsis
161 574 221 593 prae-

37 594 97 614 stitas
120 594 184 614 otiam
199 596 220 615 in

37 619 79 640 vita
95 620 172 641 mariti.

61 1092 159 1114 Mulieres
171 1100 218 1120 pos-

34 1118 75 1140 sint
83 1119 171 1146 obligari
180 1127 217 1147 pro

35 1151 57 1165 se
66 1148 86 1166 et
94 1146 172 1168 familia
180 1153 218 1174 pro

34 1176 64 1192 sc.
79 1172 109 1193 ¹5.

74 1357 161 1381 Quando
181 1363 218 1384 ap-

35 1383 110 1410 pellari
125 1384 193 1409 possit
206 1390 218 1404 a

34 1410 138 1431 sententia
144 1416 217 1432 consu—

34 1436 82 1459 lum.
91 1436 144 1457 etde
153 1437 218 1463 depo-

35 1462 74 1482 sito
85 1462 189 1487 faciendo,
198 1466 219 1484 et

34 1488 70 1508 ubi
78 1489 105 1509 sit
112 1491 218 1516 appellan.

74 2464 145 2494 Nullus
160 2465 222 2486 iudex

41 2493 107 2518 possut
141 2498 222 2512 reassu-

41 2522 96 2546 mere
120 2521 223 2539 aromata—

40 2548 117 2565 riorum
139 2549 221 2565 causas.

863 249 1010 272 CLEMENS
1030 249 1088 272 VIII
1106 249 1155 272 ΡΡ.

237 302 291 330 aut
316 296 474 341 impedire
495 296 628 329 minime
653 296 773 340 possit,
797 296 875 340 quin
905 307 978 329 exe-

237 350 349 393 quutio
385 360 482 393 super
512 350 605 383 bonis
641 349 862 383 haereditariis
895 349 978 381 inte-

238 402 298 435 rim
324 402 389 435 fiat.

282 455 296 498 ἓ
317 454 369 488 13.
393 455 540 488 Mulieres
561 465 636 488 vero
651 482 658 495 ‚
681 455 756 487 viris
776 454 915 487 decoctis
932 454 979 486 vel

238 507 384 547 mortuis,
408 508 432 540 si
453 507 633 541 haereditas
658 507 811 540 solvendo
831 517 896 539 non
917 506 976 544 sit,

237 565 406 592 teneantur
425 560 548 592 solvere
569 570 621 592 eas
641 569 753 592 omnes
770 569 820 591 res
841 558 976 591 medici-

236 613 334 653 nales,
362 622 444 656 quae
461 623 520 655 pro
541 612 684 656 ipsismet
705 611 895 644 mulieribus
915 622 980 644 ser-

235 665 360 698 vierunt
375 692 382 705 ,
403 665 477 698 licet
502 665 561 697 sub
591 664 722 697 nomine
742 669 772 697 et
792 664 900 697 debito
920 665 978 696 viri

235 718 266 750 in
281 718 373 750 dictis
390 717 479 750 libris
497 722 624 750 notatae
646 717 861 761 reperiantur,
878 728 979 760 usque

233 772 273 804 ad
302 781 462 803 summam
497 776 603 803 tamen
628 770 884 813 vigintiquinque
909 781 979 803 scu-

233 829 338 857 torum
361 829 485 856 tantum
501 851 508 863 ‚
529 823 619 856 sactis
645 823 735 866 prius
761 834 819 866 per
848 824 977 856 eosdem

233 877 448 911 aromatarios
468 877 583 910 debitis
603 877 787 919 diligentiis,
815 877 910 909 etiam
932 877 978 909 iu-

233 930 419 970 dicialibus,
447 936 559 963 contra
587 930 746 963 dictorum
772 930 913 963 virorum
934 930 979 963 sic

234 984 463 1017 defunctorum
481 989 536 1016 aut
556 984 762 1016 decoctorum
781 983 876 1016 bona.

279 1038 296 1079 g
320 1036 372 1069 114.
401 1037 439 1069 Et
456 1037 588 1069 eaedem
614 1036 767 1069 mulieres
796 1046 856 1079 pro
884 1036 979 1069 rebus

234 1089 479 1123 medicinalibus
499 1089 626 1121 illarum
644 1088 719 1122 filiis
748 1094 779 1122 et
808 1088 975 1121 familiari-

233 1142 314 1183 bus,
341 1141 520 1185 relicuique
547 1141 686 1174 familiae
711 1141 750 1174 de
777 1141 903 1173 illarum
924 1152 978 1174 or-

235 1196 309 1229 dine
330 1196 469 1236 traditis,
492 1206 594 1239 usque
622 1196 663 1228 ad
693 1205 852 1228 summam
878 1195 975 1238 quin-

235 1249 342 1283 decim
359 1255 524 1282 scutorum
542 1249 687 1291 obligare
704 1259 737 1281 se
754 1249 886 1292 possint..

278 1301 357 1345 §15
374 1301 566 1345 Neminique
580 1301 702 1334 licitum
724 1300 763 1333 sit
783 1312 801 1333 a
820 1301 979 1334 sententia

234 1355 403 1388 consulum
420 1354 660 1398 praedictorum
680 1354 854 1397 appellare,
871 1354 925 1386 ubi
940 1355 978 1387 de

233 1418 359 1441 summa
379 1407 507 1447 minori,
531 1417 628 1450 quam
655 1407 765 1439 decem
787 1412 951 1440 scutorum
967 1434 974 1447 ,

233 1459 362 1503 praevia
382 1459 490 1492 debita
501 1464 583 1498 taxa,
608 1459 831 1497 reductorum,
849 1465 974 1501 agetur,

235 1523 271 1545 ac
301 1513 407 1545 minus
437 1522 604 1545 recursum
631 1512 772 1552 habere,
800 1512 859 1545 nisi
890 1513 978 1555 prius

235 1566 316 1599 sacto
334 1565 450 1598 actuali
469 1565 615 1608 deposito
636 1575 734 1608 penes
754 1575 813 1608 pro
834 1570 979 1608 tempore

233 1619 420 1652 existentem
441 1618 568 1661 collegii
584 1618 757 1651 notarium.
774 1618 808 1651 In
821 1618 890 1651 aliis
904 1629 979 1651 vero

233 1672 336 1706 causis
357 1672 475 1705 dictam
495 1682 656 1704 summam
669 1671 905 1711 excedentibus,
922 1672 979 1704 lai-

234 1726 278 1759 cis
294 1725 442 1758 videlicet
465 1726 505 1757 ad
523 1726 628 1758 forum
654 1735 709 1757 seu
731 1725 870 1758 tribunal
891 1725 980 1768 Capi-

235 1778 385 1818 tolinum,
413 1778 461 1811 vel
487 1778 528 1810 ad
551 1778 716 1811 Gameram
738 1777 976 1820 Apostolicam‚

234 1837 289 1864 aut
309 1831 409 1875 ipsius
434 1831 586 1864 Gamerae
607 1831 801 1864 clericorum
822 1831 979 1863 decanum

234 1894 293 1927 pro
324 1889 470 1927 tempore
500 1883 705 1923 existentem;
728 1883 879 1926 praelatis
906 1894 980 1916 vero

234 1942 265 1969 et
298 1936 444 1979 personis
479 1936 701 1969 ecclesiasticis
737 1936 777 1968 ad
813 1936 978 1969 Cameram

233 1989 432 2032 praedictam
453 1989 618 2022 dumtaxat
631 1989 804 2032 appellatio
825 1989 981 2032 permissa

235 2041 442 2084 intelligatur.
464 2041 634 2084 Semelque
665 2047 693 2073 et
726 2051 790 2074 non
821 2042 906 2074 ultra
926 2052 980 2085 ap-

234 2094 355 2138 pellare
376 2095 425 2127 vel
446 2104 613 2127 recurrere
637 2094 750 2133 liceat,
774 2099 805 2126 et
823 2094 885 2126 hoc
905 2105 980 2127 casu

235 2158 294 2191 pro
326 2153 472 2191 tempore
502 2147 638 2180 existens
665 2147 759 2180 iudex
785 2147 977 2190 appellatio-

235 2211 313 2234 num
327 2211 383 2233 seu
395 2201 535 2233 decanus
555 2200 706 2233 Gamerae
726 2199 923 2239 huiusmodi,
940 2200 979 2232 de

236 2253 357 2286 eisdem
383 2252 486 2286 causis
506 2252 682 2285 summarie
702 2256 733 2284 et
753 2252 792 2284 de
812 2252 920 2294 plano⁷
944 2262 981 2284 ac

236 2305 304 2338 sine
329 2305 465 2349 strepitu
486 2311 517 2338 et
536 2306 641 2347 figura
661 2304 786 2344 iudicii,
809 2305 877 2337 sola
907 2304 980 2337 facti

236 2358 368 2392 veritate
387 2359 541 2402 inspecta,
558 2368 752 2401 cognoscere
773 2358 922 2390 debeant.

281 2413 296 2455 ξ
322 2411 372 2444 16.
402 2412 463 2445 Pro
490 2411 742 2455 praemissorum
770 2416 876 2443 autem
906 2410 982 2443 faci-

238 2464 311 2498 liori
336 2465 549 2508 exequutione
576 2470 606 2497 et
632 2464 854 2497 observatione
875 2463 982 2496 distri-

239 2517 319 2551 ctius
340 2517 523 2551 inhibemus
540 2523 636 2561 atque
650 2517 882 2556 interdicimus,
898 2527 983 2550 nunc

239 2576 270 2603 et
289 2580 348 2614 pro
374 2576 519 2613 tempore
546 2570 752 2604 existentibus
773 2570 983 2611 gubernatori

240 2629 272 2657 et
290 2623 441 2665 senatori,
458 2634 495 2658 ac
508 2623 604 2658 etiarn
622 2623 741 2657 vicario
762 2623 864 2657 dictae
877 2623 980 2664 Urbis,

1649 235 1714 268 323

1016 306 1141 329 necnon
1163 295 1303 328 auditori
1324 295 1476 329 Gamerae
1496 293 1690 338 praedictae,
1705 303 1759 326 eo-

1017 359 1152 392 rumque
1188 348 1500 387 locumtenentibus,
1531 358 1567 380 ac
1596 346 1759 390 quibusvis

1015 401 1084 432 aliis
1106 400 1265 433 iudicibus
1290 406 1321 433 et
1351 400 1542 433 officialibus
1570 398 1760 432 ecclesiasti-

1015 453 1058 485 cis
1084 463 1118 485 at·
1151 453 1388 491 saecularibus,
1419 463 1623 496 quacumque
1650 457 1760 484 aucto-

1015 497 1105 538 ritate
1127 512 1153 537 et
1177 506 1324 538 facultate
1342 506 1490 545 suffultis,
1508 516 1547 538 ne
1565 505 1689 548 aliquas
1701 505 1758 536 hu-

1014 559 1151 591 iusmodi
1166 569 1277 591 causas
1290 569 1501 595 reassumere,
1515 559 1562 591 vel
1583 559 1622 591 ad
1640 569 1673 591 se
1686 568 1760 591 avo—

1014 622 1098 649 care,
1119 616 1173 643 aut.
1192 611 1333 654 aliquem
1354 611 1530 654 praemissa
1543 612 1583 644 de
1597 622 1693 644 causa
1706 612 1761 644 de-

1014 664 1150 697 bitorem
1172 664 1211 696 ad
1240 674 1293 697 eos
1325 670 1545 697 recurrentem
1572 664 1684 697 audire
1711 664 1760 697 vel

1014 718 1193 755 admittere,
1211 727 1270 750 nec
1287 728 1319 750 se
1341 728 1374 750 se
1395 717 1426 749 in
1447 717 1527 757 illas,
1545 723 1656 750 contra
1669 727 1761 760 prae-

1013 770 1151 804 sentium
1174 776 1339 809 tenorem,
1364 770 1460 802 etiam
1491 775 1656 813 praetextu
1683 781 1761 813 qun-

1015 834 1229 866 rurncumque
1250 823 1438 856 facultatum
1460 828 1492 856 et
1515 823 1758 866 privilegiorum

1014 877 1058 909 eis
1078 887 1327 916 concessorum,
1352 876 1447 908 etiam
1469 886 1506 908 ex
1527 875 1644 915 officio,
1669 881 1701 908 et
1721 876 1761 908 ad

1014 930 1247 972 cuiuscumque
1268 929 1464 967 instantiam,
1488 930 1535 962 vel
1557 929 1619 961 alio
1648 928 1761 972 quovis

1015 982 1111 1014 modo
1130 982 1276 1023 ingerere
1296 992 1352 1014 seu
1373 981 1565 1019 immiscere3
1590 981 1761 1024 minusque

1014 1034 1099 1077 ipsos
1120 1034 1344 1073 aromatariOS,
1361 1039 1416 1067 aut
1435 1045 1548 1067 eorum
1570 1034 1760 1066 universita-

1014 1091 1097 1127 tem,
1121 1092 1175 1119 aut
1202 1086 1374 1128 collegium
1396 1087 1581 1119 huiusmodi
1599 1086 1631 1118 in
1652 1086 1760 1129 aliquo

1012 1152 1109 1184 super
1126 1141 1310 1184 praemissis
1329 1141 1501 1173 molestare
1519 1141 1566 1173 vel
1589 1140 1757 1183 impedire,

1013 1205 1069 1227 seu
1096 1193 1341 1227 molestantibus
1361 1199 1416 1225 aut
1436 1193 1688 1236 impedientibus
1708 1193 1757 1225 sa-

1012 1258 1085 1280 vere
1105 1247 1243 1279 audeant
1265 1246 1313 1279 vel
1335 1252 1554 1289 praesumant.

1057 1301 1072 1344 §
1096 1299 1149 1333 47.
1181 1300 1395 1333 Decernentes
1425 1304 1611 1342 praesentes
1638 1298 1760 1331 litteras

1012 1354 1101 1386 nullo
1130 1362 1275 1395 unquam
1296 1358 1458 1395 tempore,
1483 1362 1521 1384 ex
1554 1361 1761 1394 quocumque

1012 1405 1116 1449 capite
1145 1405 1193 1437 vel
1230 1415 1325 1437 causa
1339 1431 1346 1444 ,
1380 1405 1419 1437 de
1457 1403 1676 1447 subreptionis
1711 1403 1760 1436 vel

1012 1458 1212 1502 obreptionis
1226 1485 1234 1498 ,
1258 1463 1313 1490 aut
1340 1457 1494 1490 nullitatis
1514 1457 1606 1497 vitio,
1630 1467 1687 1489 seu
1705 1456 1757 1489 in-

1014 1511 1164 1544 tentionis
1195 1515 1345 1547 nostrae,
1366 1510 1414 1542 vel
1440 1509 1503 1542 alio
1523 1509 1677 1553 quopiam
1698 1509 1756 1542 de-

1014 1565 1097 1596 fectu
1118 1562 1234 1601 notari,
1256 1562 1450 1605 impugnari,
1474 1562 1506 1594 in
1527 1562 1590 1601 ius,
1614 1562 1662 1594 vel
1684 1572 1758 1594 con-

1013 1616 1201 1649 troversiam
1214 1615 1333 1655 vocari,
1343 1620 1398 1647 aut
1411 1616 1562 1648 adversus
1575 1614 1645 1657 illas
1658 1615 1761 1657 quod-

1013 1670 1059 1703 vis
1082 1670 1158 1703 iuris
1178 1670 1227 1702 vel
1248 1669 1318 1702 facti
1331 1696 1338 1709 ‚
1362 1675 1417 1701 aut
1437 1669 1558 1711 gratiae
1578 1669 1759 1701 remedium

1015 1722 1179 1766 impetrari
1212 1732 1323 1765 posse,
1358 1722 1414 1754 sed
1446 1732 1574 1765 semper
1610 1726 1640 1753 et
1672 1721 1760 1753 omni

1015 1781 1161 1819 tempore
1183 1780 1296 1807 contra
1316 1780 1346 1807 et
1366 1775 1518 1807 adversus
1539 1784 1761 1817 quascumque

1014 1828 1291 1872 impugnationes,
1315 1827 1436 1860 validas
1461 1832 1492 1860 et
1521 1827 1665 1861 efficaces
1695 1828 1760 1860 exi-

1014 1887 1109 1921 stere,
1126 1892 1265 1924 suosque
1286 1881 1417 1914 effectus
1434 1881 1542 1913 sortiri
1556 1886 1587 1913 et
1601 1881 1757 1914 obtinere.

1014 1936 1058 1968 Ac
1079 1935 1122 1967 ita
1141 1934 1326 1978 praemissis
1347 1934 1497 1966 omnibus
1527 1944 1585 1977 per
1613 1934 1762 1977 supradi-

1014 1994 1092 2027 ctos,
1107 1998 1166 2020 nec
1186 1998 1251 2020 non
1273 1987 1352 2020 alios
1372 1997 1596 2030 quoscumque
1616 1987 1762 2030 superio-

1015 2052 1065 2074 res
1095 2047 1126 2074 et
1157 2041 1278 2074 iudices
1312 2040 1494 2073 ordinarios
1523 2045 1554 2073 et
1574 2040 1758 2081 delegatos,

1014 2094 1109 2127 etiam
1124 2104 1292 2126 causarum
1314 2092 1423 2136 palatii
1446 2092 1613 2136 apostolici
1635 2092 1762 2125 audito-

1014 2157 1081 2186 res,
1103 2156 1230 2179 necnon
1250 2146 1280 2179 S.
1304 2146 1339 2178 R.
1360 2146 1392 2178 E.
1419 2145 1615 2185 cardinales,
1636 2145 1763 2177 sublata

1014 2199 1059 2232 eis
1083 2210 1143 2232 nec
1173 2209 1238 2232 non
1267 2209 1380 2231 eorum
1402 2198 1534 2231 cuilibet
1561 2198 1671 2241 quavis
1698 2197 1759 2229 ali-

1015 2257 1062 2284 ter
1080 2251 1244 2284 iudicandi
1264 2257 1295 2283 et
1316 2250 1548 2293 interpretandi
1567 2250 1715 2282 facultate
1733 2255 1764 2282 et

1015 2304 1225 2344 auctoritate,
1250 2304 1282 2336 in
1303 2304 1414 2347 quavis
1435 2314 1530 2336 causa
1556 2308 1587 2336 et
1612 2303 1763 2336 instantia

1016 2357 1150 2390 iudicari
1171 2363 1202 2390 et
1222 2357 1349 2390 definiri
1375 2357 1514 2395 debere,
1539 2362 1667 2389 necnon
1688 2356 1760 2389 irri-

1017 2417 1084 2444 tum
1111 2416 1142 2443 et
1162 2411 1256 2443 inane
1276 2410 1301 2443 si
1331 2421 1422 2443 secus
1450 2421 1547 2453 super
1568 2409 1616 2442 his
1643 2420 1661 2442 a
1681 2420 1762 2453 quo-

1017 2473 1136 2507 quam,
1165 2462 1276 2506 quavis
1307 2462 1516 2502 auctoritate,
1545 2462 1683 2495 scienter
1714 2463 1762 2495 vel

1018 2517 1214 2559 ignoranter,
1236 2515 1409 2557 contigerit
1429 2515 1589 2548 attentari.

1063 2571 1079 2611 g
1105 2568 1156 2601 18.
1181 2569 1249 2602 Non
1271 2568 1473 2601 obstantibus
1494 2567 1689 2611 praemissis,
1704 2578 1763 2601 nec

1018 2633 1083 2657 non
1119 2622 1403 2656 constitutionibus
1437 2628 1468 2656 et
1504 2621 1763 2656 ordinationibus

1775 245 1822 271 An·
1839 244 1868 271 C.
1891 244 1960 272 1596

1848 1305 1959 1335 Clausulae

1776 1334 1954 1359 praesen-vamme.

1799 2573 1910 2602 Clausulas
1927 2572 1962 2592 da-

1779 2602 1908 2625 rogatoriac.
