2253 3195
29 274 80 302 An.
99 273 127 301 C.
144 272 212 301 159⁴

55 489 212 512 Examinatores

44 522 68 539 ro
90 515 213 537 ordinandis

29 569 97 591 stedia
107 569 204 595 eligendi.

12 1127 15 1159 J
53 1127 168 1150 Guardiant
182 1133 218 1148 cu-

34 1155 151 1178 stodtarum
159 1161 171 1176 a
183 1155 218 1176 de·

12 1203 15 1206 ,
33 1181 124 1203 finitoriu
135 1183 218 1208 provin-

34 1209 83 1230 ciali
98 1209 197 1235 eligendi.

79 1878 111 1900 De
125 1878 224 1904 capitulis

41 1905 63 1927 tn
77 1906 177 1927 custodiis
192 1911 225 1927 ce-

42 1931 155 1954 lcbrandis.

5 2315 7 2318 ⁴
47 2306 182 2329 dhnittendis.

839 271 986 297 cLEMENs

225 320 369 354 stodibus
396 320 573 364 respective
598 325 755 365 perpetuo
783 326 967 364 competere

227 374 432 408 decernimus
452 380 484 408 et
503 374 714 408 declaramus.
986 409 989 426 ι

272 430 289 470 g
310 427 340 461 3.
364 428 546 469 Praeterea,
566 434 601 461 ut
620 428 650 461 in
672 428 819 472 capitulis
839 427 969 471 provin·
987 435 989 475 ἦ

1007 271 1064 295 viu
1085 271 1134 295 ιη’.
1652 256 1717 291 183

1004 320 1108 353 mibus
1126 318 1257 352 retineri
1268 322 1517 358 consueverunt,
1543 316 1749 350 introducere

1004 372 1140 413 valeant,
1163 382 1228 405 non
1249 372 1381 415 possint.

1050 428 1066 468 ἓ
1089 426 1117 458 7.
1151 426 1253 469 thue
1274 425 1414 458 ministri
1433 431 1461 458 et
1487 425 1636 458 custodes
1656 434 1749 468 prae-

1764 267 1811 294 Λη.
1834 267 1862 294 C.
1881 267 1949 293 4594

1778 436 1807 457 De
1814 436 1902 456 transitu
1910 436 1950 457 Oli·

1765 464 1894 483 servantium
1923 463 1950 482 ad

228 481 363 515 cialibus
384 492 402 514 a
429 481 617 515 diffinitorio
645 481 745 525 aliqui
773 480 971 514 examinato·
988 484 990 531 t
1006 480 1082 528 dicti
1103 490 1236 512 munere
1257 490 1326 520 suo,
1343 479 1511 519 visitando,
1528 478 1746 518 reformando,
1766 490 1914 513 Rcsormams,
1931 491 1951 509 et

228 587 380 621 fratribus
389 588 570 621 reformatis
579 587 618 621 ad
631 587 761 621 ordines
774 597 882 621 sacros
896 597 971 630 pro—

228 641 406 682 movendis,
423 647 478 675 aut
499 642 537 675 ad
559 640 777 675 confessiones
797 641 973 674 audiendas

229 694 439 739 deputandis,
463 695 679 739 deputentur,
703 705 762 738 per
789 694 874 738 ipsos
898 704 973 727 vero

229 813 294 847 quo
314 804 355 837 ad
379 803 510 837 ordines
535 803 732 847 promoveri,
757 808 806 835 aut
831 803 871 836 ad
892 813 971 836 conn

228 856 383 890 sessiones
408 867 462 890 eos
482 857 609 890 admitti
630 856 867 901 postulabitur,
892 856 976 889 intra

230 910 411 944 custodiam
442 910 516 951 erit,
548 916 666 951 eustos,
701 911 726 943 si
747 915 836 944 extra
869 915 976 943 custo-

231 964 318 997 diam
338 964 520 1009 reperietur
536 965 719 1009 episcopus,
745 964 889 998 minister
902 974 976 1008 pro—

231 1017 376 1051 vincialis
396 1018 561 1052 licentiam
583 1019 761 1052 concedere
782 1017 892 1062 possit.

277 1072 292 1116 g
312 1072 343 1105 4.
367 1073 523 1117 Quodque
544 1073 641 1106 veluti
656 1073 688 1105 in
714 1072 861 1117 capitulis
885 1082 903 1104 a
923 1064 996 1119 (tu-‘3

233 1126 380 1171 stodibus
400 1132 430 1160 et
455 1127 601 1165 discretis
626 1127 845 1160 custodiarum
878 1124 996 1168 aliqui*

232 1179 349 1212 fratres
360 1180 526 1213 reformati
547 1180 655 1214 idonei
670 1179 870 1220 diffinitorio,
883 1190 900 1212 a
914 1176 997 1223 quos

233 1233 294 1277 ipsi
328 1239 359 1267 et
380 1244 446 1267 non
473 1234 527 1268 atii
548 1235 579 1267 in
604 1234 800 1278 guardianos
831 1234 978 1267 locorum

234 1288 400 1322 custodiae
414 1289 621 1332 deputentur,
641 1288 840 1333 praesentari
861 1287 975 1327 solent,

234 1341 260 1374 si
271 1342 543 1386 quandocumque
556 1342 720 1385 contingat
731 1342 871 1386 aliquem
885 1351 980 1384 guar·
996 1364 997 1372 t

235 1393 369 1428 dianum
391 1394 423 1428 in
435 1395 581 1429 custodia
598 1395 755 1429 decedere
768 1400 833 1436 aut,
847 1395 886 1428 de
896 1405 976 1428 con-

235 1447 307 1481 silio
326 1453 356 1482 et
375 1459 535 1482 consensu
560 1449 771 1483 discretorum
801 1448 976 1488 custodiae,

237 1502 391 1543 amoveri,
417 1503 566 1536 custodes
600 1508 630 1536 et
661 1503 791 1536 discreti
822 1501 979 1546 praedicti

237 1556 336 1590 alium
351 1556 383 1589 in
403 1557 512 1590 locum
531 1557 694 1590 demortui
715 1563 770 1590 aut
789 1556 906 1590 remoti
920 1555 979 1599 ipsi

237 1609 425 1643 diffinitorio
460 1616 666 1655 praesentare
693 1610 837 1654 possint,
869 1620 887 1642 a
916 1620 980 1653 quo

238 1663 425 1699 diffinitorio
437 1665 481 1698 sic
495 1671 728 1709 praesentatus,
752 1670 783 1698 et
802 1675 867 1698 non
885 1664 977 1705 alius,

238 1717 271 1750 in
297 1718 512 1760 guardianum
538 1718 725 1752 huiusmodi
746 1718 893 1762 deputari
921 1718 978 1751 de-

237 1771 322 1805 beat.

284 1827 301 1868 g
321 1825 351 1859 5.
373 1826 651 1871 Quandocumque
668 1837 756 1868 vero,
773 1826 837 1860 sive
851 1831 984 1870 propter
1000 1851 1001 1857 ,

240 1880 382 1913 custodis
403 1880 539 1921 obitum,
564 1886 619 1914 aut
648 1880 744 1913 aliam
765 1880 805 1913 ob
828 1890 957 1913 causam
973 1906 980 1920 ,

241 1932 418 1976 capitulum
436 1933 469 1966 in
487 1933 641 1967 custodiis
653 1933 808 1967 celebrari
824 1938 981 1977 oporteat,

241 1985 310 2019 sine
329 1987 537 2031 provincialis
566 1986 717 2024 ministri,
741 1992 797 2020 aut
813 1978 985 2020 alicuius'a

242 2039 391 2074 ministro
422 2041 584 2084 generali,
617 2041 666 2075 vel
694 2041 765 2085 ipso
794 2039 985 2084 provinciali

243 2094 388 2138 deputati
425 2095 637 2129 commissarii
668 2094 872 2134 interventu,
904 2095 986 2128 cele-

243 2147 330 2181 brari
351 2158 417 2182 non
436 2149 547 2193 possit.

289 2203 306 2244 ἕ
327 2201 357 2235 6.
381 2201 529 2246 Insuper,
541 2208 576 2235 ut
595 2202 682 2246 ipsae
703 2202 868 2236 custodiae
889 2212 987 2235 novas

46 2252 230 2306 mssssefflsffiffffi
245 2255 359 2289 domos
390 2261 419 2289 et
445 2256 595 2290 ecclesias
615 2256 655 2289 ad
674 2256 885 2289 habitandum
908 2255 989 2292 reci-

244 2320 333 2353 pere,
357 2315 412 2343 aut
439 2309 581 2354 aliquam
600 2320 636 2345 ex
653 2309 716 2342 iam
737 2308 854 2342 habitis
875 2308 986 2342 dimit-

245 2368 325 2405 tere,
347 2363 409 2397 nisi
430 2363 463 2396 in
488 2363 657 2408 capitulis,
692 2368 724 2396 et
744 2362 832 2395 iuxta
851 2362 988 2395 formam

246 2417 484 2451 constitutionis
513 2416 615 2450 felicis
644 2415 877 2450 recordationis
915 2415 986 2448 Cle—

246 2471 362 2504 mentis
374 2472 433 2504 PP.
456 2470 510 2504 VII
529 2470 786 2515 praedecessoris
813 2469 935 2509 nostri,
960 2473 991 2501 et

247 2524 377 2568 quando
406 2524 618 2558 sufficientem
646 2525 781 2557 fratrum
796 2523 988 2556 reformato-

247 2588 321 2611 rum
341 2588 514 2611 numerum
539 2579 579 2612 ad
603 2577 851 2611 inhabitandum
875 2577 990 2610 domos

250 2631 464 2676 recipiendas,
491 2632 536 2665 ita
555 2637 592 2665 ut
610 2633 650 2665 ad
671 2631 777 2665 minus
799 2636 862 2664 tres
883 2636 990 2674 partes

251 2696 287 2719 ex
309 2691 458 2730 quatuor,
476 2696 558 2730 quae
578 2691 671 2733 antea
690 2685 723 2718 in
748 2684 906 2718 similibus
927 2684 987 2718 do-

30 549 53 566 m
67 542 162 574 qualibet
176 546 212 572 cix-
227 544 278 567 res
302 534 446 568 eiusdem
467 534 644 576 custodiae,
667 544 726 578 pro
751 533 972 567 examinandis
989 533 991 566 t
1007 533 1211 575 corrigendo,
1228 534 1390 566 monendo
1403 539 1433 566 et
1447 533 1644 575 castigando,
1661 531 1750 574 fungi

990 587 1152 638 paleam,
1184 587 1310 620 nullum
1339 588 1470 620 fratrem
1504 597 1541 619 ex
1567 586 1690 619 familia
1710 586 1750 618 ad

1009 641 1201 674 reformatos
1215 641 1274 673 nisi
1290 647 1436 685 tempore
1457 639 1685 674 celebrationis
1699 650 1752 672 ca-

991 695 1209 741 pitulorum,
1238 701 1289 728 aut
1317 694 1605 737 congregationum
1627 693 1751 737 capitu-

229 749 464 782 examinatores
484 749 688 794 approbatis,
712 749 738 782 si
752 746 933 793 episcopus,
957 759 973 781 a
991 752 993 777 t
1010 748 1138 790 larium,
1162 749 1195 781 in
1216 748 1334 792 quibus
1345 748 1494 781 custodes
1508 757 1681 781 numerum
1692 747 1753 779 sra-

1010 808 1105 843 trum,
1119 813 1200 846 quos
1220 796 1555 846 recipereintendunt‚
1571 800 1753 843 significare

1011 862 1192 896 teneantur,
1213 856 1330 900 quibus
1350 855 1564 900 provinciales
1590 853 1753 887 licentiam

1011 910 1188 943 concedere
1209 909 1347 942 debeant
1372 915 1403 942 et
1429 914 1620 948 teneantur3
1649 918 1755 951 neque

1012 974 1047 996 ex
1072 963 1254 997 reformatis
1275 963 1315 996 ad
1347 963 1520 1004 familiam,
1552 962 1612 995 nisi
1632 962 1756 1006 pariter

1012 1017 1043 1049 in
1068 1016 1226 1060 capitulis,
1247 1007 1286 1048 'in
1313 1016 1430 1060 quibus
1449 1015 1702 1059 provincialibus
1727 1021 1758 1048 et

1012 1070 1201 1103 diffinitorio
1219 1070 1252 1103 id
1272 1069 1482 1112 significetur,
1499 1069 1636 1102 transire
1649 1079 1753 1112 posse.

1012 1124 1138 1158 Possint
1157 1129 1265 1157 tamen
1281 1123 1426 1156 minister
1446 1123 1605 1166 generalis
1624 1129 1654 1156 et
1671 1133 1758 1156 eom-

1015 1178 1178 1211 missarius
1202 1177 1373 1220 generalis,
1397 1177 1493 1210 etiam
1512 1181 1601 1209 extra
1618 1176 1759 1220 capitula

1014 1237 1044 1265 et
1061 1231 1329 1275 congregationes
1349 1231 1519 1274 praefatas,
1530 1231 1709 1263 concedere
1723 1230 1759 1262 li-

1014 1286 1151 1320 centiam
1171 1285 1353 1320 volentibus
1375 1296 1392 1318 a
1412 1284 1534 1318 familia
1554 1285 1593 1318 ad
1612 1284 1699 1328 ipsos
1709 1294 1759 1317 re-

1013 1340 1168 1374 formatos
1191 1339 1338 1373 transire.

1059 1396 1075 1437 g
1097 1393 1127 1427 8.
1143 1393 1301 1433 Quoniam
1319 1404 1395 1427 vero
1409 1392 1532 1433 novitii,
1556 1398 1591 1426 ut
1610 1402 1668 1436 per
1681 1392 1760 1425 alias

1015 1453 1139 1482 nostras
1170 1447 1290 1481 similes
1315 1448 1347 1481 in
1376 1448 1480 1481 forma
1503 1446 1607 1480 brevis
1638 1446 1760 1479 litteras

1015 1501 1120 1535 cidem
1138 1501 1286 1535 ministro
1307 1501 1450 1544 generali
1465 1500 1695 1540 concessimus,
1713 1500 1761 1532 in—

1013 1561 1063 1589 ter
1080 1556 1272 1589 reformatos
1304 1554 1463 1589 educandi
1484 1554 1557 1595 sint,
1581 1559 1617 1587 ut
1643 1553 1760 1587 melius

1015 1609 1140 1650 instrui,
1165 1620 1201 1642 ac
1232 1608 1467 1642 constantiores
1491 1613 1523 1641 et
1546 1607 1708 1640 firmiores
1728 1607 1760 1640 in

1015 1662 1173 1706 regularis
1194 1662 1382 1706 disciplinae
1395 1661 1599 1695 observantia
1611 1661 1758 1701 evadant,

1017 1726 1071 1749 eos
1091 1716 1239 1756 novitios,
1264 1716 1319 1760 qui
1349 1716 1432 1749 inter
1464 1715 1655 1748 reformatos
1675 1714 1762 1758 ipsos

1017 1770 1251 1814 professionem
1272 1769 1448 1810 emiserint,
1466 1769 1505 1802 ab
1519 1768 1575 1809 eis,
1591 1768 1653 1801 nisi
1672 1768 1763 1812 lapso

1019 1824 1158 1858 triennio
1172 1834 1189 1856 a
1207 1823 1258 1857 dic
1276 1823 1497 1868 professionis,
1519 1822 1685 1856 discedere
1696 1832 1762 1855 non

1018 1889 1123 1922 posse,
1152 1878 1297 1922 nullique
1325 1877 1366 1910 ad
1397 1877 1535 1910 alienam
1558 1876 1760 1915 custodiam,

1019 1931 1078 1964 nisi
1106 1932 1146 1965 de
1165 1931 1295 1976 speciali
1317 1931 1416 1975 ipsius
1443 1930 1581 1963 ministri
1606 1928 1764 1972 generalis

1020 1985 1160 2025 licentia,
1179 1984 1314 2018 transire
1334 1984 1458 2017 licitum
1473 1994 1552 2025 esse,
1570 1983 1764 2017 auctoritate

1021 2046 1052 2073 et
1073 2046 1183 2073 tenore
1207 2038 1393 2082 praedictis
1417 2043 1574 2082 perpetuo
1595 2037 1765 2071 statuimus

1021 2098 1051 2127 et
1071 2094 1284 2127 declaramus.

1067 2149 1082 2190 ξ
1115 2147 1146 2181 9.
1178 2148 1395 2181 Itecernentes
1425 2151 1612 2190 praesentes
1644 2145 1766 2179 litteras

1022 2206 1180 2245 perpetuo
1200 2201 1321 2234 validas
1340 2200 1409 2233 sore
1429 2205 1459 2232 et
1474 2209 1553 2237 esse.
1587 2204 1617 2232 et
1636 2209 1702 2232 non
1716 2209 1767 2231 so-

1022 2255 1090 2288 lum
1115 2254 1148 2287 in
1172 2254 1298 2295 futuris,
1327 2253 1382 2287 sed
1403 2253 1500 2286 etiam
1528 2253 1560 2285 in
1583 2251 1764 2296 praesenti-

1023 2308 1094 2349 bus,
1111 2314 1142 2341 et
1154 2319 1241 2341 nunc
1253 2307 1471 2352 pendentibus
1486 2306 1599 2347 causis,
1624 2311 1655 2339 et
1671 2305 1768 2338 rebus

1024 2361 1195 2405 praedictis
1221 2361 1285 2393 vim
1317 2367 1348 2394 et
1382 2359 1531 2393 effectum
1561 2359 1682 2392 habere
1711 2359 1768 2392 de-

1024 2415 1112 2454 bere,
1126 2425 1186 2448 nec
1207 2426 1224 2447 a
1241 2424 1418 2458 quoquam,
1443 2413 1554 2458 quavis
1564 2412 1765 2453 auctoritate,

1025 2468 1182 2507 revocari,
1206 2468 1356 2505 rescindi,
1371 2466 1549 2507 retractari,
1565 2471 1620 2499 aut
1637 2476 1769 2510 quoquo

1025 2522 1122 2555 modo
1143 2521 1275 2564 infringi
1299 2531 1403 2565 posse,
1428 2531 1533 2564 neque
1561 2520 1620 2553 sub
1638 2519 1770 2563 quibus-

1025 2586 1164 2619 cumque
1184 2574 1455 2614 revocationibus,
1490 2572 1767 2617 suspensionibus,

1025 2629 1291 2670 limitationibus‚
1325 2634 1379 2662 aut
1399 2628 1570 2662 contrariis
1598 2627 1767 2671 dispensa-

1026 2683 1178 2722 tionibus,
1200 2683 1231 2716 in
1253 2693 1372 2726 genere
1385 2683 1432 2715 vel
1455 2682 1487 2715 in
1504 2681 1621 2726 specie,
1640 2682 1671 2715 in
1692 2692 1769 2715 con-

1767 518 1884 538 vtceversa.

1802 1399 1831 1421 De
1847 1400 1940 1420 novitiis.

1808 2149 1927 2171 Clausulae.
