2253 3195
59 274 106 302 An.
123 272 152 299 C.
176 270 241 297 too-2

864 265 1009 289 CLEMENS
1030 264 1086 288 wll
1108 265 1157 288 Pr.

255 327 340 351 anno
360 316 477 350 rectori
499 316 538 348 de
569 316 599 348 la
627 315 760 348 Alcudia
789 314 913 347 ratione
934 313 999 357 pri-

256 370 420 403 mitiarum
453 375 482 401 et
514 368 733 405 decimarum,
771 378 849 411 quas
876 367 999 399 solvere

256 435 320 457 non
338 429 585 461 consueverunt,
606 423 660 455 sed
680 432 777 465 penes
793 432 825 454 se
847 421 996 460 retinent,

256 484 291 511 ut
309 476 457 521 saperius
479 476 612 511 dicitur:
634 486 715 518 quae
736 475 760 506 si
783 474 997 516 exigerentur,

258 531 338 563 saeta
356 529 499 572 legitima
520 528 742 565 calculatione,
756 527 903 560 ducentis
923 537 1001 569 qua-

259 582 406 625 draginta
426 587 548 626 septeni
572 581 662 614 libris
688 581 910 618 :nistinmntuig
932 584 1001 612 aeto

258 642 388 680 recepto
409 647 466 679 per
486 635 647 668 notarium
678 634 918 677 insi·as‹‘·riptum
944 633 1002 665 suh

259 690 310 723 die
330 701 383 723 xix
413 689 530 722 mensis
563 688 653 729 iunii,
671 688 747 720 anni
777 698 905 721 nnxcw.
929 687 1004 719 Tres

259 744 502 787 praepositurae
538 743 622 776 sedis
652 742 850 775 Dertusensis
882 742 1001 773 solvant

259 808 311 831 sex
338 797 446 838 libras,
470 797 594 830 ratione
620 796 767 840 superius
793 795 895 828 dictae
916 805 1004 827 com-

260 850 428 894 positionis
460 850 630 883 duodecim
664 849 840 888 librarum,
870 858 948 892 quas
969 858 1003 880 ex

261 903 353 937 dictis
374 903 501 947 oppidis
530 903 705 947 recipiunt,
730 903 808 936 duas
829 902 926 934 libras
946 910 1005 944 pro

261 956 407 1000 qualibet
434 956 680 1000 praepositura3
708 966 819 988 mensa
845 965 919 987 vero
941 953 1006 997 epi-

261 1010 398 1053 scopalis
411 1009 612 1042 Dertusensis
626 1010 723 1042 solvat
740 1008 871 1050 triginta
892 1017 1004 1040 noveni

262 1063 371 1104 libras,
397 1069 459 1095 tam
483 1063 610 1095 ratione
631 1062 818 1106 praedictae
846 1060 1007 1104 composi-

262 1116 369 1157 tionis,
384 1127 480 1160 quam
502 1116 626 1149 ratione
641 1116 760 1149 decreti
782 1115 1006 1158 episcoporum

264 1170 302 1203 de
323 1180 407 1203 anno
428 1180 576 1204 MDLxxiu
596 1169 745 1213 superius
766 1168 868 1201 relati.
893 1168 1010 1200 Rector

264 1234 340 1257 vero
361 1224 440 1257 duas
459 1228 606 1257 teneatur
626 1223 789 1256 celebrare
811 1222 923 1254 missas
944 1221 1010 1254 die—

265 1277 325 1309 bus
345 1276 516 1309 dominicis
541 1282 572 1309 et
599 1275 728 1315 festivis,
753 1276 887 1308 alteram
910 1274 940 1306 in
960 1285 1011 1307 ec—

266 1330 361 1363 clesia
385 1331 424 1363 de
444 1330 474 1363 la
498 1329 645 1370 Alcudia,
669 1330 802 1362 alteram
825 1328 856 1361 in
878 1327 1011 1361 ecelesia

266 1384 305 1416 ‹le
325 1384 390 1417 Veo
411 1384 469 1417 sub
491 1383 694 1416 invocatione
717 1409 912 1415 .......
939 1409 946 1422 ,
972 1381 1010 1414 ad

266 1447 362 1480 quam
395 1437 586 1471 conveniant
618 1435 815 1469 habitatores
851 1436 890 1468 de
921 1434 1012 1468 Beni-

268 1493 394 1531 tandus,
419 1491 494 1535 quia
514 1501 612 1534 parva
640 1490 729 1534 plebs
754 1495 818 1530 est,
843 1495 873 1522 et
892 1489 1030 1521 brevis-¹

269 1545 387 1578 situum
406 1545 477 1584 iter,
495 1550 522 1577 et
543 1544 738 1576 habitatores
756 1543 901 1576 omnium
917 1542 1012 1575 trium

269 1598 465 1642 oppidorum
488 1598 519 1630 in
541 1597 604 1630 fide
625 1597 783 1630 catholica
807 1596 944 1629 solerter
964 1596 1013 1628 in-

269 1657 410 1691 struere,
435 1656 466 1684 et
495 1650 674 1683 doctrinam
707 1649 915 1682 christianam
938 1649 1014 1682 edo-

270 1716 363 1745 cere3
388 1705 420 1737 in
441 1704 561 1748 oppido
582 1704 612 1736 la
637 1703 771 1736 Aleudia
792 1703 831 1735 de
859 1713 942 1736 noro
963 1713 1033 1735 ae-÷

271 1758 419 1791 dificetur
443 1757 577 1791 ecclesia
598 1757 629 1789 in
650 1757 764 1790 eodeni
790 1757 869 1794 situ⁷
894 1766 958 1800 quo
979 1767 1015 1789 ea

272 1823 353 1855 qnae
371 1812 445 1844 olim
460 1817 528 1845 erat
538 1812 722 1844 Maurorum
739 1809 1012 1853 mesquitafflxtat,

273 1871 423 1908 angusta,
448 1866 587 1899 obscura
608 1871 638 1897 ct
662 1870 811 1908 quassata
831 1874 908 1907 prae
928 1869 1017 1896 vetu-

273 1924 375 1960 state,
400 1925 429 1952 et
451 1919 595 1952 sacristia
614 1924 642 1951 et
669 1919 784 1951 domus
802 1928 860 1961 pro
885 1916 1017 1949 rectoris

274 1973 472 2007 habitatione
494 1974 578 2006 iuxta
605 1974 741 2006 sormam
775 1977 803 2004 ct
836 1971 932 2004 situm
961 1971 1016 2004 de-

274 2027 446 2070 signatum.
475 2028 591 2060 Terrae
621 2036 696 2059 vero
729 2031 757 2058 et
792 2025 912 2058 reditus
941 2024 1016 2057 olim

276 2081 507 2125 mesquitaruin
529 2081 568 2113 de
594 2080 624 2113 la
645 2079 778 2112 Atcudia
808 2084 838 2111 et
859 2079 940 2119 Veo,
965 2078 1017 2122 qui

276 2135 392 2168 valoris
411 2141 485 2168 sunt
505 2140 577 2168 octo
597 2134 774 2171 librarum,
799 2131 941 2165 ecclesiis
970 2143 1017 2165 re-

276 2188 414 2232 spective
440 2188 659 2232 applicentur,
694 2192 722 2219 et
755 2185 1021 2218 administrentur

276 2254 334 2286 per
359 2248 518 2275 rectorem
541 2247 569 2275 et
593 2241 723 2273 iuratos.

277 2355 469 2394 praecentor
486 2348 703 2382 etcanonicus
729 2346 882 2380 ecclesiae
904 2352 1021 2378 melro-

278 2404 439 2447 politanae
458 2402 706 2443 Valentineusis,
732 2400 876 2433 ossicialis
894 2406 923 2433 et
939 2400 1023 2431 vica-

279 2457 345 2490 rius
371 2456 531 2499 generalis
555 2466 613 2499 per
638 2456 672 2488 D.
701 2455 874 2498 Gasparem
905 2453 1024 2485 l‘unter

280 2510 465 2553 episcopum
495 2507 696 2541 Dertusensis
721 2518 793 2540 cuni
820 2505 969 2549 speciali,
995 2511 1021 2537 et

279 2563 448 2596 sufficienti
478 2567 655 2606 potestate,
679 2566 708 2593 et
736 2560 887 2592 nnindato
915 2559 953 2591 ad
978 2558 1023 2590 in—

281 2616 445 2660 frascripta
474 2616 594 2647 electus
622 2620 652 2646 et
681 2613 887 2650 nominatus,
913 2618 942 2644 et
969 2622 1025 2654 per

281 2670 474 2704 catholicum
505 2668 726 2712 Hispaniarum
762 2677 867 2709 regem
899 2665 1020 2708 l’hilip-

1684 250 1747 283 ‹95th

1033 323 1109 356 pum
1131 312 1305 345 destinatus
1325 311 1364 344 ad
1390 309 1597 354 inspiirendas
1626 314 1655 342 et
1681 319 1774 341 reco-

1034 367 1232 408 gnoscendas
1257 365 1452 403 erectiones,
1476 362 1777 396 (lisinembrationes

1034 425 1065 453 et
1084 419 1263 453 dotationes
1277 418 1483 451 ecclesiarum
1497 415 1730 460 parochialium
1747 415 1778 447 in

1034 473 1162 517 oppidis
1186 473 1390 511 Maurorum,
1415 481 1518 514 nuper
1544 470 1583 502 ad
1604 469 1700 502 sideni
1729 480 1779 500 ca-

1037 527 1187 560 tholicam
1210 536 1458 565 conversorum,
1482 523 1659 567 praesentis
1690 522 1779 563 regni

1038 580 1208 619 Valentiae‚
1226 590 1305 623 quas
1319 578 1387 610 sieri
1410 577 1590 621 oportebat,
1604 581 1635 608 et
1657 575 1687 607 in
1702 575 1781 607 scri-

1037 634 1098 678 ptis
1118 633 1311 675 redigendas
1332 632 1363 664 iu
1389 631 1528 665 dioecesi
1549 629 1733 663 Dertusensi
1752 634 1780 660 et

1037 687 1145 720 onmia
1166 686 1285 730 oppida
1305 686 1464 719 dictorum
1484 684 1608 717 noviter
1625 683 1663 716 ad
1685 682 1781 715 sidem

1038 751 1265 774 conversorum
1299 739 1460 783 praefatae
1493 736 1671 775 dioecesis,
1700 745 1782 778 quae

1038 805 1174 828 numero
1199 801 1270 827 sunt
1299 793 1409 835 viginti
1432 802 1569 831 novem,
1593 788 1780 834 peragrari,

1039 852 1070 879 et
1090 846 1121 878 in
1143 846 1262 879 eisdem
1285 845 1429 888 oppidis,
1452 844 1532 876 sacta
1560 841 1705 883 diligenti
1732 850 1785 872 va-

1039 900 1117 932 loris
1145 900 1304 932 fructuum
1334 896 1558 941 primitialium
1587 901 1615 927 et
1646 894 1782 927 decima-

1040 954 1119 986 litun
1147 952 1402 989 examinatione,
1433 957 1460 983 et
1493 960 1605 983 eorum
1638 948 1783 981 omnium

1041 1006 1095 1050 qui
1117 1007 1154 1039 de
1174 1006 1242 1039 iure
1264 1005 1469 1038 contrilmere
1492 1008 1650 1042 tenentur,
1672 1001 1703 1033 in
1724 1001 1784 1033 hu-

1042 1060 1180 1093 iusmodi
1206 1058 1438 1102 parochialium
1461 1055 1692 1095 dotationihus,
1716 1065 1786 1086 cae-

1043 1114 1183 1156 terisque
1211 1113 1306 1145 rehus
1334 1112 1372 1143 ad
1405 1110 1569 1144 servitiam
1598 1108 1785 1141 earumdem

1026 1192 1027 1202 t
1044 1166 1290 1211 parochialium,
1305 1171 1332 1198 et
1346 1175 1455 1197 earum
1476 1168 1585 1196 curam
1605 1162 1786 1194 animarum

1044 1220 1167 1253 noviter
1189 1228 1417 1252 &inversorum
1445 1215 1693 1260 pertiiientihus,
1717 1224 1788 1247 exa-

1045 1280 1092 1307 cte
1113 1263 1289 1317 perpensis,
1319 1276 1411 1314 prout
1447 1270 1478 1302 in
1508 1278 1705 1311 unoquoque
1733 1278 1789 1310 op-

1045 1327 1121 1371 pido
1142 1332 1210 1359 erat
1227 1324 1455 1363 necessarlum,
1477 1327 1600 1355 servata
1622 1321 1723 1353 forma
1745 1320 1789 1352 al-

1046 1380 1146 1414 terius
1171 1378 1344 1412 dotationis
1375 1375 1609 1420 parochialium
1636 1373 1788 1407 similium

1046 1435 1077 1468 in
1091 1433 1368 1477 archiepiscopatu
1379 1437 1409 1464 et
1422 1430 1560 1464 dioecesi
1574 1427 1788 1462 Valentinensi

1046 1500 1104 1532 per
1121 1489 1273 1521 loannem
1303 1486 1341 1518 de
1368 1485 1483 1518 [libera
1511 1482 1789 1525 arcliieltiiscopum

1050 1541 1319 1579 Valentinensem,
1336 1549 1385 1571 me
1399 1537 1492 1570 etiam
1511 1536 1656 1568 ministro
1671 1535 1732 1567 iam
1748 1535 1791 1566 sa—

1049 1601 1108 1635 cta,
1133 1600 1163 1628 et.
1182 1604 1240 1638 per
1259 1594 1408 1626 Sanctam
1434 1591 1547 1623 §edem
1575 1588 1790 1633 Apostolicam

1050 1649 1261 1683 confirmatae
1290 1645 1486 1683 erectiones,
1517 1642 1718 1680 dotationes,
1743 1641 1791 1674 di-

1050 1701 1340 1740 smemln'ationes,
1370 1697 1602 1742 applicationes
1630 1701 1661 1729 et
1687 1695 1793 1728 distri-

1049 1757 1198 1790 butiones
1219 1765 1278 1799 pro
1292 1759 1372 1793 rata,
1392 1762 1517 1785 necnon
1539 1749 1794 1783 constructiones

1051 1810 1259 1844 ecclesiarum
1282 1814 1313 1841 et
1332 1808 1504 1840 domorum
1523 1815 1582 1848 pro
1595 1803 1794 1836 habitatione

1052 1870 1225 1903 rectorum,
1249 1872 1328 1905 quas
1349 1860 1449 1893 visum
1473 1865 1517 1891 est
1546 1857 1615 1889 fieri
1644 1862 1795 1900 oportere

1796 260 1845 286 An.
1863 261 1891 287 C.
1913 261 1948 286 tf„
1964 262 1977 287 j}

1052 1928 1109 1962 pro
1142 1914 1357 1949 commodiori
1388 1912 1598 1946 instructione
1635 1910 1812 1943 dictorunr

1052 1971 1177 2004 noviter
1208 1969 1247 2002 ad
1278 1968 1374 2001 iidem
1407 1975 1637 2000 conversorum
1672 1963 1701 1995 in
1732 1963 1795 1995 side

1035 2024 1229 2063 ,catholica,
1253 2021 1378 2061 notavi,
1403 2019 1546 2063 disposui
1567 2024 1594 2051 et
1618 2018 1648 2050 in
1670 2016 1797 2059 scriptis

1035 2066 1037 2104 ¹³,
1055 2077 1175 2120 redegi,
1192 2082 1227 2109 ut
1240 2076 1317 2109 adS.
1330 2075 1444 2107 Sedent
1464 2071 1679 2116 Apostolicain
1697 2076 1796 2103 traus-

1055 2132 1182 2164 mittant
1197 2140 1303 2163 coram
1323 2126 1522 2170 infrascripto
1539 2124 1675 2162 notarie,
1693 2123 1749 2163 sic,
1768 2129 1795 2156 et

1036 2183 1330 2230 thieniadinmlum
1353 2181 1382 2213 in
1406 2178 1565 2224 praesenti
1591 2177 1687 2217 libro,
1706 2188 1799 2220 prac—

1037 2238 1242 2275 ,cedentihus
1262 2234 1446 2279 quindecim
1468 2232 1605 2272 chartis,
1626 2230 1795 2263 coutinen—

322 2296 386 2338 Ego
408 2295 590 2329 licentiatus
604 2294 783 2327 Felicianus
797 2293 836 2326 de
849 2293 1018 2335 Figiieroa,
1037 2284 1039 2318 Ῐ

1058 2300 1122 2333 tur,
1147 2298 1173 2323 et
1202 2296 1236 2324 ut
1262 2290 1301 2321 de
1322 2286 1506 2332 1‘›raeniissis
1531 2285 1567 2317 sit
1591 2290 1677 2317 certa
1698 2284 1796 2323 tides,

1039 2347 1106 2387 {hir
1130 2356 1179 2377 ine
1200 2342 1373 2386 subscripsi
1394 2340 1523 2384 propria
1544 2349 1653 2378 manu,
1676 2348 1799 2370 metun-

1039 2419 1041 2433 :
1057 2410 1118 2443 que
1136 2398 1276 2440 sigillum
1294 2395 1411 2439 apponi
1434 2393 1504 2426 set-i.

1103 2453 1166 2493 ligo
1180 2449 1360 2483 licentiatus
1378 2447 1557 2481 Felicianus
1570 2446 1608 2478 de
1624 2445 1797 2487 Figiieroa,

1058 2505 1232 2538 canonicus
1253 2510 1279 2536 et
1303 2507 1495 2546 praecentor
1520 2501 1693 2544 praelatas,
1721 2503 1776 2532 etc.

1103 2559 1136 2591 1⁴31
1164 2568 1222 2599 ego
1255 2556 1386 2589 lacobus
1419 2555 1535 2588 Paulus
1562 2553 1701 2586 l‘allares
1731 2564 1802 2595 pre-

1058 2613 1165 2655 sbyter
1178 2612 1207 2643 in
1222 2611 1296 2643 sede
1312 2609 1473 2643 Valcntiae
1488 2599 1708 2642 beneficiatus,
1726 2617 1801 2649 apo-

1058 2661 1368 2695 stolicaauetoritati·
1384 2659 1527 2692 notarius
1542 2658 1802 2702 puhlicns‚p1·a‹¹-
