2253 3195
54 214 90 240 Au
123 213 150 239 C.
173 211 238 240 1595

102 745 235 766 Pensionarii

54 776 137 798 quoque
152 771 173 792 in
187 772 235 793 sub-

53 798 106 818 sidio
127 800 235 824 praestan-

53 824 80 845 do
99 825 235 851 comprehen-

53 852 134 873 duntur.

866 211 1011 235 CLEMENS
1033 212 1089 234 Vlll
1108 211 1157 234 ΙΨ.

249 259 451 293 decernimus
464 264 493 292 et
505 259 717 299 declaramus,
737 258 916 292 subsidium
928 258 988 291 liu-

249 312 387 346 iusmodi
409 312 567 354 integrum
591 317 621 345 et,
641 312 778 345 liberum
796 312 835 345 ab
857 312 943 345 omni
959 318 989 345 et

249 376 454 410 quocumque
474 365 536 398 alio
557 376 655 398 onere
676 370 706 398 et
723 365 917 407 gravamine,
930 376 989 398 nec

250 429 312 453 non
334 419 429 452 etiam
458 419 497 452 ab
522 418 678 452 universis
702 418 938 462 provisionibus
959 424 989 451 et

252 472 398 516 expensis
418 471 626 504 collectorum
652 476 683 504 et
702 471 985 509 subcollectorum,

250 526 297 558 vel
319 525 456 558 aliorum
478 524 697 557 ministrorum
710 524 742 556 in
758 524 901 557 eiusdem
915 524 989 557 sub-

250 578 321 611 sidii
343 577 506 611 exactione
527 577 807 610 intervenientium
828 587 986 620 quorum-

251 641 390 674 cumque
411 641 479 663 esse
505 630 632 663 debere.

296 684 310 727 ἓ
331 683 360 715 5.
385 683 421 716 Et
440 684 479 716 ad
500 682 585 716 illius
594 682 990 717 contributionemunum-

251 747 411 780 quemque
418 736 675 780 supradictorum
685 747 744 780 pro
753 741 821 769 rata
830 737 991 770 fructuum

251 796 282 824 et
301 790 485 823 reddituum
508 800 654 829 suorum,
679 790 855 823 secundum
882 801 990 829 verum

251 855 393 878 annuum
424 844 586 883 valorem·,
610 854 668 877 nec
685 854 749 876 non
770 854 991 887 quoscumque

251 898 345 932 etiarn
376 897 598 941 pensionarios
628 908 686 940 pro
712 902 780 930 rata
797 897 989 941 pensionum

249 962 346 995 super
367 950 532 990 fructibus,
550 949 728 983 redditibus
742 955 772 983 et
792 950 991 983 emolumen-

251 1004 289 1037 tis
311 1013 590 1048 quarumcumque
611 1003 819 1036 ecclesiarum
841 1008 871 1036 et
894 1003 990 1036 bene-

251 1057 399 1090 ficiorum
420 1055 678 1099 supradictorum
700 1056 739 1088 ad
753 1056 896 1099 ipsorum
918 1067 990 1089 suc-

249 1120 390 1143 cessores
410 1114 656 1148 reservatarum,
677 1108 771 1141 etiam
786 1109 990 1152 quantumvis

249 1173 266 1196 a
286 1162 444 1196 similibus
474 1161 644 1202 subsidiis,
677 1162 725 1194 vel
745 1162 816 1196 aliis
838 1162 990 1195 oneribus

219 1260 221 1262 Ι
250 1222 481 1260 exemptarum,
506 1226 587 1259 quae
603 1222 671 1248 rata
687 1216 718 1248 in
739 1216 899 1249 solutione
912 1227 991 1260 pen-

95 2067 212 2089 clausulae.

76 2541 187 2568 nauigatio
202 2550 244 2564 am—

62 2568 154 2598 plissima
163 2572 244 2600 contra·

62 2599 140 2616 riorum
155 2601 244 2618 omniurn

251 1269 378 1302 sionum
399 1268 523 1302 detrahi
549 1269 686 1309 debeat,
716 1274 746 1302 et
766 1269 913 1302 similiter
933 1280 986 1302 re-

250 1321 440 1355 servatarios
470 1322 658 1355 eorumdem
679 1315 852 1363 fructuum,
876 1322 987 1355 reddi-

251 1369 339 1408 tuum
358 1380 388 1408 et
405 1376 697 1408 emolumentorum
710 1386 990 1419 quorumcumque

250 1428 369 1472 pariter
393 1440 452 1472 pro
475 1429 603 1461 illorum
632 1434 700 1462 rata
731 1429 864 1463 omnino
902 1430 986 1463 obli-

250 1487 338 1524 gatos
347 1493 415 1516 esse
429 1483 584 1523 etteneri,
608 1494 667 1516 nec
686 1483 825 1527 aliquem
846 1483 988 1528 ipsorum

250 1535 541 1579 pensionariorum,
554 1541 608 1569 aut
617 1537 901 1570 reservatariorum
909 1549 990 1581 quo-

251 1599 388 1632 cumque
420 1589 598 1633 privilegio,
631 1590 853 1631 immunitate,
878 1601 987 1624 exem-

251 1642 359 1686 ptione
380 1647 411 1675 et
428 1642 553 1675 indulto
565 1643 742 1683 suffultum,
758 1643 990 1677 abhuiusmodi

251 1695 487 1728 contributione
508 1706 540 1728 se
561 1706 713 1729 excusare
724 1702 753 1730 et
767 1697 905 1730 eximere
918 1709 991 1741 pos—

251 1760 294 1788 se,
320 1754 349 1782 et
369 1754 552 1782 recusantes
565 1759 621 1781 seu
636 1749 830 1791 differentes,
848 1756 900 1784 aut
914 1751 991 1784 alias

251 1802 495 1845 quomodolibet
522 1803 794 1843 contradicentes,
819 1814 876 1847 per
897 1815 993 1848 quos-

253 1865 390 1898 cumque
410 1855 531 1888 iudices
558 1855 740 1889 ordinarios
757 1862 788 1889 et
806 1857 987 1899 delegatos,

255 1917 311 1950 per
328 1918 476 1941 censuras
497 1914 527 1941 et
546 1919 667 1952 poenas
688 1909 918 1943 ecclesiasticas
932 1910 992 1943 hu-

258 1960 393 1994 iusmodi
410 1961 478 2003 cogi
493 1967 523 1994 et
540 1962 690 2006 compelli
704 1973 797 2006 posse
815 1969 843 1996 et
859 1964 988 1997 debere.

302 2014 318 2054 ἓ
338 2012 367 2045 6.
391 2013 504 2057 Sieque
524 2015 562 2047 ab
583 2015 732 2048 omnibus
753 2017 887 2057 censeri,
911 2017 993 2050 etita

258 2076 315 2109 per
340 2067 519 2110 praedictos
542 2068 674 2107 iudices,
700 2069 796 2102 etiam
824 2080 992 2103 causarum

257 2120 365 2163 palatii
386 2122 551 2164 apostolici
571 2123 744 2164 auditores,
760 2124 884 2157 sublata
905 2124 950 2157 eis
963 2130 993 2157 et

257 2183 368 2206 eorum
394 2175 524 2208 cuilibet
541 2176 649 2219 quavis
666 2177 758 2210 aliter
778 2177 944 2211 iudicandi
964 2183 994 2210 et

257 2226 484 2271 interpretandi
506 2229 652 2263 facultate
672 2235 702 2263 et
722 2231 922 2269 auctoritate,
946 2231 993 2264 iu-

257 2280 354 2313 dicari
382 2287 412 2314 et
442 2281 568 2315 definiri
590 2283 706 2316 debere
722 2311 729 2323 ,
758 2294 794 2317 ac
816 2284 941 2317 irritum
964 2290 994 2317 et

257 2333 350 2367 inane
370 2335 525 2378 quidquid
548 2347 638 2369 secus
666 2348 763 2381 super
784 2337 833 2369 liis
858 2348 875 2370 a
906 2348 990 2381 quo-

258 2396 375 2429 quam,
407 2388 514 2430 quavis
545 2389 744 2427 auctoritate,
779 2389 917 2422 scienter
945 2390 993 2422 vel

259 2438 451 2480 ignoranter,
475 2441 644 2483 contigerit
664 2443 823 2475 attentari.

303 2491 318 2534 ἓ
339 2491 367 2524 7.
391 2492 458 2525 Non
479 2493 677 2528 obstantibus
696 2500 815 2534 nostra,
837 2501 994 2538 quatenus

260 2554 339 2588 opus
359 2545 408 2585 sit„
430 2546 468 2578 de
488 2556 552 2579 non
576 2548 717 2581 tollendo
743 2548 812 2581 iure
833 2548 990 2592 quaesito,

259 2608 296 2631 ac
319 2597 481 2642 quibusvis
510 2600 789 2635 constitutionibus
816 2607 846 2635 et
866 2602 994 2635 ordina-

1023 258 1161 291 tionibus
1182 257 1378 301 upostoliciS,
1406 268 1443 290 ac
1464 257 1558 290 etiam
1583 257 1612 289 in
1634 257 1763 300 provin-

1023 365 1188 398 neralibus
1208 365 1252 397 vel
1267 364 1458 408 specialibus
1479 363 1765 396 constitutionibus

1023 422 1053 450 et
1073 417 1343 457 ordinationibus,
1360 427 1396 450 ac
1417 427 1699 460 quarumcumque
1715 428 1766 449 ec-

1023 470 1204 509 clesiarum,
1240 470 1390 503 ordinum
1413 475 1443 502 et
1468 469 1738 502 monasteriorum
1757 497 1762 508 ‚

1023 533 1060 555 ae
1078 522 1263 555 militiarum
1286 529 1317 555 ct
1337 523 1474 555 aliorum
1503 522 1698 565 regularium
1714 523 1762 555 lo-

1024 586 1152 611 corum,
1177 576 1273 608 etiam
1295 576 1490 614 iuramento,
1519 576 1767 609 confirmatione

1024 630 1199 673 apostolica
1230 630 1277 663 vel
1299 630 1408 673 quavis
1434 630 1586 663 firmitate
1618 630 1680 663 alia
1713 640 1766 663 ro-

1024 683 1157 723 boratis,
1181 683 1304 716 statutis
1324 689 1352 716 et
1375 683 1679 723 consuetudinibus,
1703 683 1767 727 pri-

1025 736 1147 778 vilegiis
1167 747 1308 780 quoque,
1332 736 1474 776 indultis,
1496 736 1763 780 exemptionibus,

1025 789 1282 822 immunitatibus
1303 795 1333 822 et
1353 789 1467 823 litteris
1486 789 1670 833 apostolicis
1701 789 1764 822 eis-

1026 843 1098 875 dem
1128 843 1285 883 ecclesiis,
1319 842 1507 883 ordinibus,
1543 843 1763 883 monasteriis,

1027 896 1147 929 militiis
1167 902 1197 929 et
1216 896 1286 929 aliis
1307 897 1508 939 regularibus
1528 896 1606 929 locis
1636 907 1766 940 eorum-

1026 961 1087 993 que
1114 950 1336 993 praesulibus,
1371 950 1556 989 abbatibus,
1591 949 1764 993 prioribus,

1025 1003 1246 1042 conventibus,
1275 1003 1428 1045 collegiis,
1457 1003 1611 1036 militibus
1643 1008 1674 1035 et
1698 1002 1767 1045 aliis

1025 1056 1171 1100 personis
1201 1057 1444 1096 ecclesiasticis,
1476 1056 1696 1089 saecularibus
1736 1061 1767 1090 et

1024 1110 1227 1152 regularibus
1263 1110 1430 1153 utriusque
1460 1120 1574 1149 sexus,
1605 1120 1663 1142 nec
1702 1120 1767 1143 non

1024 1163 1236 1207 pensionariis
1282 1168 1310 1196 et
1346 1163 1508 1196 fructuum
1548 1163 1767 1196 reservatariis

1023 1217 1206 1261 praedictis,
1217 1217 1275 1250 sub
1289 1216 1547 1260 quibuscumque
1559 1216 1724 1250 tenoribus
1738 1222 1767 1250 et

1025 1271 1145 1310 formis,
1157 1281 1193 1303 ac
1207 1281 1279 1303 cum
1293 1269 1468 1313 quibusvis,
1486 1270 1582 1303 etiam
1598 1270 1768 1312 derogato-

1024 1324 1145 1356 riarum
1168 1322 1391 1365 derogatoriis,
1415 1323 1552 1366 aliisque
1572 1322 1764 1356 efficaciori-

1024 1378 1083 1410 bus
1104 1383 1134 1410 et
1160 1376 1295 1409 insolitis
1316 1376 1466 1409 clausulis
1480 1403 1487 1417 ,
1511 1387 1547 1409 ac
1569 1376 1768 1410 irritantibus

1025 1436 1055 1463 et
1075 1430 1144 1463 aliis
1164 1430 1300 1463 decretis
1330 1429 1362 1461 in
1388 1440 1505 1471 genere
1525 1429 1573 1462 vel
1595 1429 1626 1462 in
1647 1429 1764 1473 specie,

1025 1494 1061 1516 ac
1081 1483 1158 1516 alias
1170 1482 1415 1526 quomodolibet
1424 1482 1455 1515 in
1465 1482 1663 1515 contrarium
1676 1492 1768 1526 prae-

1027 1536 1196 1569 missorum
1215 1535 1458 1579 quomodolibet
1490 1534 1660 1575 concessis,
1684 1544 1764 1567 con-

1025 1590 1160 1622 firmatis
1185 1595 1215 1622 et
1247 1588 1413 1621 innovatis.
1438 1588 1559 1627 Quibus
1589 1587 1763 1628 omnibus,

1025 1642 1149 1675 etiamsi
1163 1653 1222 1686 pro
1241 1642 1369 1675 illorum
1391 1641 1561 1675 sufficienti
1583 1641 1767 1684 derogatio-

1025 1707 1075 1735 ne,
1100 1696 1138 1729 de
1159 1696 1221 1728 illis
1242 1706 1419 1739 eorumque
1434 1695 1506 1728 totis
1520 1694 1686 1728 tenoribus
1698 1706 1768 1738 spe-

1026 1749 1135 1789 cialis,
1163 1749 1333 1792 specifica,
1368 1759 1516 1792 expressa
1543 1753 1573 1781 et
1603 1748 1769 1781 individua

1027 1802 1147 1835 mentio
1168 1802 1316 1834 habenda
1336 1807 1428 1841 esset,
1452 1812 1489 1834 ac
1509 1801 1634 1834 etiamsi
1664 1801 1695 1833 in
1720 1801 1769 1834 lit-

1027 1856 1102 1888 teris
1123 1855 1375 1889 reservationum
1397 1855 1601 1898 pensionum,
1625 1860 1678 1888 aut
1697 1856 1766 1888 sru-

1026 1914 1136 1942 ctuum
1145 1908 1330 1941 huiusmodi
1344 1913 1494 1940 caveatur
1511 1918 1669 1951 expresse,
1683 1909 1769 1951 quod

1027 1962 1234 2006 pensionarii,
1252 1962 1299 1994 vel
1313 1962 1421 1994 forsan
1434 1961 1635 1994 reservatarii
1656 1971 1769 2004 supra-

1028 2015 1125 2055 dicti,
1155 2016 1195 2049 ad
1213 2015 1486 2048 contributionem
1509 2015 1687 2047 faciendam
1710 2014 1769 2047 mi-

1027 2069 1113 2102 nime
1137 2075 1314 2109 teneantur,
1339 2069 1395 2101 sed
1416 2069 1503 2112 quod
1524 2068 1641 2112 provisi
1663 2068 1702 2101 de
1715 2068 1770 2101 be-

1027 2122 1161 2161 neticiis,
1186 2132 1282 2165 super
1303 2132 1442 2165 quorum
1464 2121 1619 2154 fructibus
1636 2121 1767 2165 pensio-

1027 2186 1083 2208 nes
1103 2175 1272 2219 impositae
1299 2175 1428 2215 suerint,
1452 2180 1555 2207 ratam
1577 2175 1617 2207 ad
1638 2174 1769 2218 pensio-

1028 2229 1136 2261 narios
1166 2233 1364 2272 spectantem
1397 2228 1598 2271 persolvere,
1635 2233 1665 2260 et
1689 2238 1770 2260 onus

1028 2282 1146 2315 dictam
1179 2273 1279 2315 ratam
1306 2282 1450 2315 solvendi
1476 2282 1506 2313 in
1534 2292 1566 2314 se
1607 2281 1771 2325 suscipere

1028 2336 1175 2375 debeant,
1192 2341 1316 2368 tenores
1326 2335 1523 2375 huiusmodi,
1536 2346 1572 2368 ac
1586 2335 1611 2368 si
1626 2335 1663 2368 de
1673 2335 1771 2368 verbo

1029 2389 1213 2421 adverbum
1232 2388 1461 2428 insererentur,
1479 2388 1700 2431 praesentibus
1711 2399 1771 2431 pro

1029 2441 1226 2474 sufficienter
1248 2441 1403 2487 expressis
1424 2441 1588 2481 babentes,
1613 2441 1673 2474 hac
1704 2441 1771 2474 vice

1029 2495 1194 2527 dumtaxat
1214 2494 1396 2532 specialiter
1417 2500 1607 2538 etexpresse
1629 2505 1665 2527 ac
1686 2494 1771 2528 latis—

1029 2548 1108 2581 sime
1129 2548 1339 2590 derogamus,
1363 2554 1392 2580 et
1411 2547 1601 2590 derogatum
1623 2559 1690 2582 esse
1711 2559 1768 2582 vo-

1030 2602 1147 2635 lumus.
1169 2602 1231 2635 Aut
1242 2601 1268 2635 si
1282 2601 1483 2646 patriarchis,
1504 2601 1766 2646 archiepiscopis,

1677 198 1734 232 toa
1782 209 1828 234 An.
1848 209 1875 235 c.
1900 208 1966 236 ¹595

1795 289 1817 303 ro
1832 284 1965 304 »mesentium

1022 312 1155 345 omnbus
1177 317 1202 343 οι
1219 310 1424 355 synodalibus
1434 310 1576 343 concinis
1591 310 1694 349 eduis,
1712 320 1765 352 ge,-
1780 290 1928 335 p¹1·
