2253 3195
3 1639 14 1654 ι.

0 1667 16 1810 ,ξέέᾰῆε

1 1828 17 1897 5?ss

53 293 102 320 An.
119 292 147 319 C.
169 291 237 318 ¹599

80 408 187 430 visitator.
202 407 236 433 qui

57 435 129 455 ticinus
150 434 237 454 huiusi-u

61 460 231 486 Cnngregatmnts

57 487 190 508 Reformatao
210 486 238 505 vi-

57 516 115 536 sust.
129 519 141 534 a
164 518 239 533 minum

58 540 174 566 apostolico
204 539 240 559 eti-

58 566 142 593 sendus.

105 2318 176 2339 tentem
187 2319 262 2339 nuncio

84 2345 170 2366 rueuttas
189 2351 263 2366 conce-

85 2372 139 2393 ditur
161 2372 265 2393 constitu-

85 2399 150 2420 tiones
162 2399 246 2420 edendi.

863 289 1010 314 CLEMENS
1030 289 1089 312 VIII
1109 289 1160 312 Pr.

297 340 312 383 ἓ
332 339 362 372 6.
384 340 423 372 Ut
441 345 547 373 autem
569 339 600 372 in
621 338 806 372 huiusmodi
828 343 992 371 monaste-

253 393 308 426 riis
339 393 358 425 ii
383 393 607 426 tantummodo
634 392 861 431 admittantur,
885 391 939 434 qui
957 391 996 423 ad

254 457 353 479 onera
362 446 564 490 supradictae
576 445 757 489 primitivae
771 445 909 485 [tegulae
924 454 998 486 sup-

255 500 412 543 portanda
423 499 547 531 habiles
567 504 596 530 et
618 498 725 531 idonei
746 497 842 530 suturi
861 497 934 535 sint,
952 497 998 529 di-

256 553 339 585 lecto
360 553 427 585 silio
453 558 562 585 nostro
584 558 612 585 et
635 551 837 595 Apostolicae
858 551 947 583 Sedis
968 550 998 582 in

257 605 376 638 eisdem
397 604 622 648 Hispaniarum
641 603 748 645 regnis
768 603 897 641 nuncio,
915 613 1000 635 nunc

258 664 287 691 ct
306 668 364 701 pro
385 663 529 701 tempore
546 657 709 696 existenti,
731 667 789 700 per
816 661 1001 700 praesentes

257 711 488 744 committimus
505 716 534 743 et
555 711 747 743 mandamus
768 716 924 754 quatenus
946 709 1001 741 ali-

257 775 353 807 quem
382 764 606 805 religiosorum
637 774 673 796 cx
701 763 851 796 fratribus
875 762 1002 796 Ordinis

256 817 526 851 Discalceatorum
547 817 661 850 Beatae
691 817 806 850 Mariae
840 817 878 849 de
899 816 1002 849 Monte

258 870 415 911 Carmelo,
432 876 485 902 aut
500 870 770 903 Discalccatorum
784 869 889 903 Sancti
904 870 1002 902 Fran-

260 924 346 963 cisci,
362 924 492 967 pietate,
509 923 691 967 prudentia,
710 923 855 956 doctrina
867 928 897 956 ct
910 933 1004 966 expe·
1020 929 1022 950 ὲ

261 977 386 1018 rientia‚
403 988 438 1010 ac
457 978 489 1010 in
507 978 618 1021 primis
640 977 805 1019 religionis
825 978 892 1010 zelo
913 987 1005 1021 prae-

261 1038 419 1072 stantem,
454 1043 550 1076 quem
587 1033 627 1065 ad
659 1032 721 1064 boc
753 1042 869 1064 munus
905 1031 1024 1073 magis,

262 1090 371 1128 aptum
394 1092 424 1118 et
444 1085 596 1118 idoneum
617 1084 816 1125 iudicaverit,
841 1085 872 1117 in
894 1084 1003 1116 visita-

264 1144 365 1171 torem
389 1139 607 1182 praefatornm
629 1139 777 1171 Fratrum
798 1137 1004 1170 Reformato-

265 1203 336 1225 rum
354 1192 625 1225 Discalceatorum
639 1191 766 1225 Ordinis
784 1191 1008 1224 Sanctissimae

263 1245 426 1279 Trinitatis
446 1245 562 1287 eligat,
587 1245 642 1288 qui
663 1244 858 1277 monasteria
879 1244 1008 1288 praedi-

265 1305 392 1333 ctorum
423 1300 573 1333 Fratrum
603 1300 867 1332 Reformatorum
899 1302 1027 1342 perso-¹

265 1353 380 1386 naliter
395 1353 532 1393 visitare,
552 1358 583 1386 et
602 1353 634 1385 in
655 1353 855 1394 singulorum
876 1352 1009 1384 fratrum

266 1406 523 1450 praedictorum,
548 1407 601 1451 qui
623 1405 807 1439 huiusmodi
830 1405 1010 1449 primitivae

266 1460 398 1502 regulae
426 1459 661 1493 observantiam
685 1458 823 1502 amplexi
844 1465 936 1499 sunt,
960 1458 1007 1491 vi-

270 1519 353 1553 tam,
379 1523 485 1546 mores
514 1519 544 1546 et
576 1513 745 1557 qualitates
766 1512 937 1554 diligenter
958 1512 1008 1544 in-

268 1567 395 1610 quirat;
418 1578 454 1600 ac
472 1577 687 1610 eorum,quos
707 1577 779 1599 vere
800 1565 947 1599 arctioris
966 1565 1012 1598 vi-

271 1627 319 1653 tae
339 1621 406 1654 zelo
438 1621 573 1658 ductos,
595 1620 634 1653 ad
655 1620 738 1652 banc
759 1619 942 1663 primitivae
962 1629 1013 1652 re-

269 1674 362 1715 gulae
378 1684 526 1706 normam
549 1673 685 1706 transire
709 1672 908 1711 iudicaverit,
933 1683 1011 1716 pro-

271 1727 443 1760 fessionem
465 1737 523 1771 per
543 1737 597 1760 eos
623 1728 671 1764 (ut
691 1737 789 1769 supra
814 1725 933 1758 dictum
955 1728 1015 1769 est)

271 1781 479 1814 emittendam
495 1780 638 1824 recipere
650 1785 754 1819 curet;
772 1784 915 1812 caeteros
926 1790 1012 1819 vero,

272 1845 352 1879 quos
373 1834 479 1867 minus
496 1834 630 1866 idoneos
651 1839 681 1866 et
701 1839 793 1876 aptos
822 1843 891 1865 esse
920 1843 1012 1866 coin-

273 1888 403 1932 pererit‚
427 1893 461 1920 ut
480 1887 624 1920 habitum
647 1887 793 1919 Fratrum
815 1886 1016 1919 Reformato-

275 1952 345 1974 rmn
376 1941 559 1980 dimittant,
589 1946 620 1973 et
649 1950 685 1972 cx
716 1950 828 1972 eorum
867 1939 1016 1972 domibus

275 2000 409 2035 exeant,
434 1995 520 2028 etad
542 1994 747 2027 modificatae
769 1994 899 2035 regulae
919 2003 1013 2037 prae-

276 2049 378 2081 dictae
393 2048 508 2082 domus
528 2053 741 2087 revertantur,
757 2047 948 2080 auctoritate
962 2057 1018 2079 no-

275 2107 351 2141 stra,
376 2100 472 2134 etiam
493 2101 551 2133 sub
572 2100 914 2134 excommunicationis
932 2100 1018 2133 aliis—

277 2166 339 2199 que
360 2154 503 2188 censuris
523 2160 553 2187 ct
572 2153 686 2197 poenis
707 2153 942 2194 ecclesiasticis,
967 2164 1020 2186 co-

277 2214 331 2251 gat
351 2214 382 2242 et
402 2207 585 2251 compellat.

323 2263 337 2305 ἓ
359 2262 387 2294 7.
405 2262 575 2294 Praeterea
588 2260 673 2292 idem
688 2259 836 2299 nuncius,
860 2270 931 2291 cum
947 2269 1022 2292 con-

279 2315 350 2348 silio
368 2314 467 2358 patris
484 2313 667 2351 visitatoris,
685 2323 721 2344 ac
735 2312 872 2344 aliorum
895 2312 1021 2355 piorum

281 2374 311 2402 ct
335 2368 536 2401 eruditorum
565 2366 705 2399 virorum
740 2365 899 2397 dictorum
931 2364 1023 2398 Ordi-

281 2432 359 2454 num
388 2421 657 2454 Discalceatorum
683 2417 948 2457 Carn‘telitarum,
972 2423 1025 2450 aut

283 2474 389 2509 Sancti
421 2473 602 2509 Francisci,
632 2478 662 2505 et
687 2471 782 2504 etiam
816 2482 851 2503 cx
885 2471 1027 2514 ipsismet.

284 2526 477 2562 llesormatis
490 2525 716 2559 Sanctissimae
729 2523 901 2563 Trinitatis,
912 2529 1027 2556 statuta

285 2587 316 2614 et
335 2579 578 2614 constitutiones
591 2588 650 2622 pro
665 2577 749 2610 felici
771 2577 875 2610 dictae
897 2577 1028 2609 Provin—

286 2635 353 2667 ciae
392 2633 651 2666 Resorinatoruin
685 2631 818 2674 eiusque
857 2630 1027 2663 domorum

287 2693 318 2720 et
345 2685 616 2720 monasteriorum
641 2684 819 2727 gubernio,
849 2683 1030 2728 primitivae

1677 273 1735 307 531

1031 337 1160 379 regulae
1178 336 1384 380 praedictae,
1409 346 1445 368 ac
1473 333 1570 367 sacris
1596 332 1773 366 canonibus

1032 396 1062 423 et
1081 390 1212 423 Concilii
1226 388 1401 422 Tridentini
1422 388 1557 421 decretis
1577 397 1641 420 non
1664 386 1774 419 adver-

1031 451 1148 484 santes,
1165 443 1354 476 auctoritatc
1369 449 1488 482 nostra,
1505 441 1599 474 saciat
1619 446 1650 473 et
1667 440 1775 473 obser-

1032 497 1098 529 vari
1124 497 1265 529 mandet.

1078 550 1092 593 §
1113 549 1143 582 8.
1167 549 1326 582 Ministros
1344 549 1485 592 insuper,
1503 548 1674 580 domorum
1692 546 1776 579 vica-

1035 602 1099 635 rios
1130 608 1161 635 et
1191 602 1359 643 magistros
1395 601 1589 633 novitiorum
1606 628 1612 638 ,
1647 605 1708 632 tam
1740 610 1776 631 ex

1034 655 1205 699 praedictis
1231 654 1435 694 Reformatis,
1458 653 1483 686 si
1504 652 1648 696 alioquin
1669 651 1776 684 idonei

1036 708 1176 745 suerint,
1198 718 1292 751 quam
1315 707 1410 740 etiam
1433 707 1463 739 in
1489 707 1774 750 supplementum,

1037 773 1073 795 ex
1092 761 1183 795 dictis
1203 761 1391 798 Carmelitis,
1416 765 1469 793 aut
1489 760 1597 793 Sancti
1617 758 1778 792 Francisci

1037 814 1249 854 Discalceatis,
1262 820 1357 857 prout
1370 813 1454 846 felici
1475 813 1569 845 buius
1589 822 1690 845 novae
1704 821 1779 855 pro-

1037 868 1158 901 vinciae
1180 866 1363 911 progressui
1378 866 1409 898 in
1420 865 1557 899 Domino
1574 865 1673 907 magis
1687 874 1781 907 expe-

1039 922 1107 955 dire
1129 920 1336 961 iudicaverit,
1360 920 1473 953 eadem
1507 919 1697 952 auctoritate
1725 927 1781 950 no-

1039 981 1114 1014 stra,
1142 975 1249 1017 eligat.

1085 1030 1099 1072 g
1119 1029 1149 1061 9,
1166 1029 1282 1062 Dantes
1302 1034 1332 1061 et
1352 1028 1567 1061 concedentes
1581 1026 1685 1059 eidem
1700 1036 1783 1058 nun-

1041 1082 1107 1121 cio,
1129 1088 1157 1115 ct
1179 1082 1217 1114 ab
1248 1092 1286 1115 eo
1312 1082 1497 1125 deputando
1518 1079 1672 1113 visitatori
1693 1089 1786 1122 prae—

1042 1136 1146 1176 dicto,
1168 1141 1223 1168 aut
1240 1135 1293 1168 alii
1314 1135 1362 1167 vel
1383 1135 1472 1174 aliis,
1497 1144 1577 1177 quos
1596 1133 1679 1166 idem
1702 1143 1785 1164 nun-

1042 1189 1109 1222 cius
1134 1189 1173 1221 ad
1194 1189 1255 1221 hoc
1275 1188 1373 1221 semel
1395 1192 1449 1220 ant
1470 1187 1605 1226 iterum,
1628 1192 1661 1218 ut
1688 1196 1783 1229 prae-

1044 1242 1189 1281 mittitur,
1213 1241 1338 1275 duxcrit
1365 1240 1568 1283 deputandos
1588 1238 1763 1282 respective
1777 1265 1784 1278 ,

1044 1302 1108 1329 tam
1129 1294 1304 1339 praemissa
1325 1293 1471 1333 faciendi,
1496 1302 1593 1336 quam
1614 1292 1708 1324 etiam
1732 1292 1788 1324 do-

1045 1359 1114 1382 mos
1139 1358 1194 1381 seu
1215 1346 1411 1380 monasteria
1436 1346 1580 1379 eiusdem
1605 1344 1787 1388 primitivae

1046 1403 1175 1444 regulae
1204 1399 1369 1442 erigendi,
1394 1410 1430 1432 ac
1451 1398 1606 1431 ministris
1636 1408 1693 1430 seu
1719 1396 1788 1430 aliis

1046 1466 1157 1489 eorum
1178 1453 1414 1498 superioribus,
1436 1458 1471 1485 ut
1489 1462 1557 1492 eos,
1582 1451 1652 1494 qui,
1676 1450 1788 1483 relicto

1046 1509 1186 1549 saeculo,
1204 1509 1243 1541 ad
1258 1507 1458 1551 praedictam
1470 1505 1660 1548 religionem
1676 1504 1789 1537 confu-

1047 1573 1133 1606 gere,
1151 1562 1257 1596 divina
1277 1561 1455 1605 inspirante
1470 1559 1582 1602 gratia,
1604 1558 1786 1597 statuerint,

1049 1623 1079 1650 et
1107 1617 1185 1649 alios
1203 1616 1257 1659 qui
1278 1626 1314 1648 ex
1334 1614 1498 1658 praedicto
1517 1613 1634 1647 Ordine
1657 1611 1788 1644 modifi-

1049 1675 1137 1703 catae
1158 1670 1288 1712 regulae
1308 1667 1532 1701 Sanctissimae
1548 1665 1721 1703 Trinitatis,
1738 1670 1792 1697 aut

1050 1735 1086 1757 ex
1114 1723 1182 1756 aliis
1214 1722 1342 1755 laxioris
1370 1727 1476 1754 tamen
1505 1720 1634 1762 regulae
1664 1718 1792 1752 Ordini-

1051 1779 1119 1817 bus,
1141 1778 1180 1810 ad
1198 1777 1377 1820 praefatum
1395 1776 1616 1808 Rel'ormatum
1641 1773 1793 1806 Ordinem

1050 1831 1186 1865 transire
1219 1829 1399 1869 voluerint,
1439 1827 1572 1861 servatis
1604 1826 1769 1860 servandis
1784 1853 1791 1865 ,

1051 1884 1220 1918 admittere
1234 1882 1357 1927 possint
1377 1880 1593 1919 concedendi3
1617 1879 1795 1913 dummodo

1051 1937 1158 1982 quoad
1191 1947 1262 1975 eos,
1291 1935 1346 1979 qui
1378 1946 1414 1968 ex
1449 1934 1519 1966 aliis
1549 1932 1723 1967 Ordinibus
1756 1932 1796 1964 ad

1052 1992 1137 2024 hunc
1158 1989 1325 2022 transitum
1355 1988 1458 2020 facere
1486 1986 1669 2025 voluerint,
1694 1984 1797 2017 maior

1053 2055 1126 2088 pars
1146 2042 1304 2077 vocalium
1333 2042 1448 2074 domus
1477 2040 1508 2072 in
1536 2050 1599 2083 qua
1620 2037 1796 2082 recipiendi

1054 2103 1158 2136 erunt,
1180 2102 1251 2129 vota
1273 2096 1304 2128 in
1323 2095 1413 2127 illum
1436 2092 1647 2131 consentiant,
1669 2096 1699 2124 et
1719 2090 1794 2124 visi-

1055 2150 1166 2184 tatoris
1186 2148 1342 2194 praedicti
1363 2147 1492 2180 licentia
1512 2146 1653 2185 accedat,
1669 2151 1700 2178 et
1716 2144 1799 2177 nibi-

1036 2206 1038 2212 ’
1056 2205 1195 2238 lominus
1206 2203 1367 2245 integrum
1378 2201 1550 2234 novitiatus
1561 2210 1693 2238 annum,
1705 2203 1800 2242 prout

1056 2258 1109 2291 alii
1130 2258 1169 2290 (le
1190 2267 1272 2289 novo
1293 2254 1492 2298 recipiendi,
1517 2259 1689 2296 antequam
1718 2262 1796 2295 pro-

1058 2310 1229 2343 fessionem
1250 2308 1409 2347 emittant,
1433 2306 1614 2351 perficiant.

1103 2365 1119 2406 ξ
1135 2362 1186 2396 10.
1199 2364 1371 2405 Postquam
1386 2367 1505 2400 autem,
1518 2359 1728 2392 benedicente
1742 2358 1803 2391 Do-

1060 2417 1159 2456 mino,
1179 2416 1421 2460 praedictorum
1445 2415 1578 2446 l'ratrum
1597 2412 1800 2445 Reformato-

1061 2481 1131 2502 rum
1160 2469 1287 2502 Ordinis
1312 2467 1535 2501 Sanctissimae
1556 2465 1718 2499 Trinitatis
1739 2475 1800 2497 nu-

1063 2534 1171 2556 merus
1185 2522 1330 2559 creverit,
1343 2522 1384 2553 ita
1399 2526 1432 2553 nt
1444 2520 1686 2564 praedictorum
1701 2524 1804 2551 exter-

1064 2586 1178 2609 norum
1214 2575 1439 2617 religiosorui-i1
1473 2573 1590 2606 auxilio
1622 2583 1685 2605 non
1722 2572 1805 2605 indi-

1064 2629 1202 2672 guerint,
1226 2635 1253 2662 et
1278 2634 1350 2662 octo
1370 2629 1482 2661 saltem
1505 2628 1620 2660 domos
1648 2636 1704 2659 seu
1737 2636 1806 2659 ino-

1065 2682 1205 2717 nasteria
1230 2681 1420 2722 habuerint,
1445 2681 1477 2714 in
1506 2690 1646 2725 quorum
1675 2678 1808 2722 singulis

1786 283 1835 309 An.
1859 282 1886 309 C.
1906 282 1973 309 1599

1818 556 1926 577 Ministros
1946 558 1976 576 at-

1792 590 1832 610 que
1842 583 1932 604 vicarios
1941 584 1976 604 ett-

1792 612 1861 637 genili,

1824 1035 1920 1055 Noviuos
1930 1035 1983 1055 reci-

1799 1062 1882 1088 piendi.

1833 2362 1931 2388 Capituli)
1941 2366 2002 2388 prae·

1817 2389 1909 2410 sulendi.
