2253 3195
44 310 94 331 Eius
109 309 195 329 virtutes

10 343 48 358 ior
63 341 141 358 §munia
159 341 194 354 rai-

10 359 55 388 liita
87 362 195 383 enumerat

10 389 112 412 'omitt-x.

837 194 983 218 CLEMENS
1000 194 1058 217 Vlll
1076 194 1125 217 PP.

210 243 393 278 innocentia
413 244 445 276 in
471 243 519 276 sui
552 242 798 276 admirationem
829 242 948 275 excita-

210 298 263 331 vit.
299 299 431 331 Summa
463 296 602 340 denique
633 297 712 329 hacc
733 302 789 334 est,
814 306 909 339 quam
936 306 952 327 a

210 352 326 384 Sancto
347 351 514 384 Dominico
539 351 683 384 eiusdem
702 349 843 392 religiosi
865 349 953 382 insti—

211 405 269 438 tuti
290 410 430 443 auctore,
456 410 620 448 tamquam
642 414 657 436 e
676 403 850 447 purissimo
869 402 953 435 sonti·

210 458 371 497 hauserat,
381 458 506 491 vivendi
514 457 684 497 rationem,
695 456 841 489 eamdem
850 455 953 499 ipsum

212 513 252 545 ad
276 518 454 545 extremum
491 522 593 555 usque
614 511 695 544 vitae
724 510 809 543 diem
847 514 955 542 saut-te

213 572 244 599 et
263 566 413 608 religiose
431 576 583 599 servasse.
618 565 697 598 Nam
719 564 782 597 sive
804 563 952 597 christia-

211 630 271 653 nae
291 619 481 653 humilitatis
501 619 624 663 species
644 624 717 651 ante
741 618 853 651 oculos
874 628 952 661 pro-

211 678 368 717 ponatur,
401 683 439 706 eo
471 672 552 705 nihil
578 677 645 705 erat
673 670 853 707 demissius.
878 671 954 703 nihil

212 726 402 766 modestius,
426 726 491 759 sive
511 725 674 765 castitatis,
698 736 734 757 ac
755 724 957 767 virgineipu-

212 779 299 812 doris
333 779 439 822 imago
475 779 695 823 pulcherrima
734 777 953 817 desideretur,

213 832 268 866 illo
285 832 365 865 nihil
386 832 509 876 purius,
538 832 617 865 nihil
642 832 810 866 candidius
832 831 907 870 suit3
931 831 956 862 si

213 886 353 930 denique
373 897 466 920 verae
487 886 518 919 in
538 887 637 920 Deum
659 891 689 919 et
702 885 866 929 proximos
884 885 958 918 clia-

212 940 314 973 ritatis
335 941 438 974 forma
462 940 659 984 exquiratur,
688 939 772 972 illius
804 939 957 972 charitate

213 993 293 1026 nihil
322 993 428 1038 potuit
452 993 649 1031 absolutius,
685 992 764 1025 nihil
786 992 958 1036 perfectius

214 1047 367 1090 exoptari.
399 1047 524 1086 Quanto
551 1057 651 1090 porro
679 1046 711 1078 in
742 1057 879 1090 corpore
906 1057 958 1079 ca-

214 1100 363 1143 stigando
391 1106 487 1144 atquc
512 1100 543 1133 iu
570 1100 753 1133 servitutem
782 1100 958 1142 redigendo

215 1153 301 1187 illius
319 1154 417 1187 suerit
437 1154 589 1187 severitas
609 1153 754 1196 singulae
774 1159 884 1187 noctes
906 1154 956 1186 in-

216 1207 300 1241 dicio
321 1208 459 1249 suerunt,
484 1208 601 1252 quibus
625 1219 693 1241 sese
706 1218 807 1251 usque
828 1208 867 1241 ad
888 1219 960 1241 san-

215 1261 320 1303 guinis
340 1262 563 1305 profusionem
592 1261 764 1304 affligebat.
797 1262 864 1300 Qua
884 1272 959 1295 vero

216 1315 415 1348 continentia
428 1321 460 1348 et
478 1315 701 1348 moderatione
715 1315 746 1347 in
767 1315 851 1347 victu
871 1315 959 1348 omni

217 1368 323 1409 suerit,
355 1374 483 1413 praeter
502 1375 604 1402 sextas
626 1369 731 1407 ferias,
755 1369 961 1403 Beatissimae

217 1421 313 1454 etiam
333 1422 388 1455 Dei
409 1423 515 1456 Matris
540 1423 657 1456 Mariae
687 1422 826 1465 Virginis
852 1428 882 1456 et
911 1424 957 1456 Ss.

218 1476 445 1518 Apostolorum
465 1476 590 1519 vigiliae
611 1477 651 1509 ad
662 1486 761 1509 unam
782 1486 894 1510 omnes
908 1477 961 1510 de-

219 1529 352 1571 clarant,
377 1531 505 1575 quibus,
529 1537 661 1576 excepto
680 1542 763 1575 pane
795 1538 825 1565 et,
849 1543 931 1576 aqua
951 1560 957 1573 ‚

219 1582 299 1616 nihil
318 1585 450 1618 omnino
471 1585 629 1627 gustabat.
654 1585 757 1618 Divini
778 1591 885 1618 autem
903 1596 962 1618 nu-

220 1636 316 1670 minis
335 1638 533 1682 propitiandi
560 1644 647 1672 tanta
679 1649 776 1680 cura,
810 1644 962 1683 tantaque

220 1690 437 1724 sollicitudine
459 1692 639 1733 tenebatur,
655 1698 691 1725 ut
707 1697 788 1726 totas
805 1698 914 1725 noctes
931 1692 962 1725 in

221 1744 341 1788 templo
362 1745 534 1778 fundendis
554 1746 594 1778 ad
617 1746 718 1779 Deum
739 1746 888 1789 precibus
909 1746 960 1779 in-

221 1798 344 1831 somnis
364 1809 519 1843 persaepe
539 1805 755 1840 consumeret,
776 1805 805 1832 et
826 1800 851 1832 si
864 1811 965 1844 quan-

222 1851 263 1884 do
281 1851 388 1885 inedia
412 1863 448 1885 ac
469 1862 586 1896 sopore
617 1852 705 1886 sessis
723 1858 753 1886 et
777 1853 965 1887 cadentibus

222 1905 386 1947 membris,
406 1917 557 1940 somnum
576 1913 690 1951 capere
708 1908 894 1950 cogebatur,
912 1914 966 1941 aut

222 1963 318 2000 stans,
342 1959 440 2003 lapidi
463 1965 588 1993 tantum
609 1961 718 1994 altaris
739 1960 876 2001 innixus,
912 1966 965 1994 aut

222 2011 330 2046 iacens
350 2013 451 2053 humi,
471 2014 593 2047 scilicet
612 2019 802 2058 prostratus,
823 2014 966 2058 quiesce-

222 2065 287 2098 bat.
311 2066 348 2099 Et
360 2067 515 2110 quoniam
533 2067 612 2100 nihil
632 2067 734 2110 magis
752 2078 848 2111 quam
865 2068 966 2101 otium

223 2119 358 2159 homini,
386 2120 574 2164 praesertim
603 2121 765 2164 religioso,
800 2121 966 2154 vitandum

224 2183 291 2206 esse
312 2174 481 2214 sentiebat,
505 2174 625 2207 idcirco
640 2174 794 2218 quicquid
816 2175 968 2218 temporis

223 2237 359 2259 vacuum
378 2227 418 2259 ab
438 2227 584 2260 oratione
605 2233 789 2272 supererat,
819 2228 852 2261 id
872 2238 968 2261 omne

225 2280 343 2323 partim
375 2280 519 2314 colendis
553 2277 652 2314 sacris
683 2281 816 2321 studiis,
851 2281 968 2325 partim

226 2333 382 2368 habendis
400 2334 621 2375 concionibus,
650 2335 767 2378 partim
789 2334 966 2368 consessio-

226 2387 321 2421 nihus
356 2388 542 2429 audiendis,
573 2388 690 2432 partim
711 2388 806 2421 etiam
832 2388 970 2431 aegrotis

228 2440 411 2482 invisendis,
434 2441 550 2485 partim
569 2441 708 2485 denique
728 2442 793 2475 Deo
811 2447 842 2474 et
862 2441 970 2485 proxi-

230 2504 282 2527 mo
303 2494 470 2528 serviendo
491 2495 709 2539 impendebat.

275 2549 291 2590 ἕ
314 2547 364 2581 14.
386 2548 480 2582 Cuius
500 2549 632 2594 quidem
649 2549 845 2592 singularem
866 2559 968 2582 susce-

230 2605 302 2645 ptae
323 2602 404 2635 vitae
424 2603 593 2643 rationem,
613 2614 677 2647 qua
702 2603 847 2636 coelestis
867 2602 972 2647 potius

1635 181 1699 214 ‘1⁶27

987 253 1082 285 quam
1105 241 1265 274 humanus
1289 240 1337 273 vir
1357 239 1472 273 merito
1506 240 1727 283 reputabatur,

990 296 1138 339 {refluens
1165 295 1351 334 multorum,
1375 294 1429 337 qui
1448 293 1560 326 secius
1581 294 1731 337 pret-ilius

989 354 1017 381 ct
1039 348 1176 381 orationi
1198 347 1480 387 commendabant,
1505 347 1545 379 ad
1566 357 1728 379 cums-on-

990 413 1096 441 cursu,
1131 407 1225 445 atque
1261 402 1342 434 adeo
1364 411 1446 433 nora
1477 400 1506 432 in
1527 400 1594 433 dies
1623 410 1731 432 rerum

990 455 1028 487 al»
1061 465 1098 487 eo
1130 460 1290 497 gestarum
1330 454 1537 498 praestantia,
1579 454 1734 497 pleraque

992 507 1145 540 miracula
1167 507 1300 540 minime
1323 508 1461 540 obscura
1488 508 1664 540 declarant.
1699 508 1733 540 ln

991 563 1107 606 quibus
1128 569 1161 595 ut
1186 569 1322 601 caetera,
1347 563 1612 606 quaeinnumera
1632 572 1735 605 prope

990 622 1074 656 sunt,
1098 616 1295 656 omittamus,
1320 616 1487 648 cuiusdam
1509 615 1592 648 Petri
1605 626 1642 647 ex
1662 615 1736 647 villa

991 669 1132 702 Prosorii
1153 669 1282 702 oriundi
1309 669 1510 702 resuscitatio
1524 669 1737 712 proponenda

993 722 1132 765 primum
1154 722 1305 759 occurrit,
1330 733 1426 766 quom
1456 722 1558 765 rapidi
1595 722 1737 754 fluminis

993 776 1113 820 impetu
1150 787 1185 809 ex
1216 786 1300 819 equo
1332 775 1503 814 deiectum,
1539 782 1569 808 et
1589 775 1620 807 in
1646 775 1737 819 aquis

992 830 1124 863 omnino
1154 831 1375 869 submersum,
1415 841 1488 863 cum
1519 830 1588 863 eius
1620 841 1737 873 corpus

992 884 1093 917 altero
1115 884 1165 917 dic
1187 884 1249 917 iam
1271 884 1384 922 latens,
1403 883 1604 927 inexpectato
1618 894 1654 916 ex
1668 883 1737 927 ipso

992 937 1125 971 flumine
1161 938 1343 982 prodiisset,
1372 939 1465 979 Deus,
1490 938 1531 971 ob
1563 938 1677 971 merita
1709 944 1739 971 et,

992 1002 1103 1035 preces
1121 991 1264 1025 eiusdem
1289 993 1322 1025 B.
1351 991 1530 1035 Hyacinthi,
1565 991 1671 1024 statim
1699 991 1738 1024 ad

993 1045 1088 1078 vitam
1110 1046 1281 1079 revocavit.
1305 1045 1455 1079 Eiusdem
1469 1056 1599 1089 quoque
1619 1044 1738 1078 sancti-

995 1099 1135 1132 moniam
1155 1099 1271 1131 mulier
1290 1099 1461 1142 quaedam,
1486 1098 1592 1131 Iudith
1608 1098 1739 1132 nomine

994 1153 1122 1195 egregie
1148 1152 1308 1189 ostendit.
1344 1163 1440 1196 quam
1474 1163 1546 1184 cum
1585 1152 1739 1196 paralysis

995 1205 1099 1238 morbi
1127 1205 1170 1238 vis
1198 1205 1359 1247 elinguem
1392 1215 1524 1249 prorsus
1554 1216 1591 1238 ac
1616 1211 1738 1238 mutam

996 1258 1197 1297 reddidisset,
1226 1259 1379 1303 nullaque
1393 1259 1518 1292 ratione
1532 1269 1642 1292 vocem
1665 1259 1738 1292 mit-

996 1318 1060 1346 tere
1081 1313 1180 1345 ullam
1202 1318 1319 1356 posset,
1344 1313 1474 1346 tandem
1503 1313 1587 1346 beati
1609 1313 1667 1345 viri
1689 1313 1739 1345 in-

997 1366 1189 1400 tercessione
1215 1372 1387 1410 assequuta
1412 1372 1480 1407 est,
1513 1372 1546 1399 ut
1576 1366 1683 1409 lingua
1711 1373 1741 1400 et

995 1431 1144 1454 sermono
1165 1420 1267 1453 libere
1288 1426 1443 1453 uteretur.
1460 1420 1671 1453 praedicandi
1686 1431 1741 1453 au-

992 1480 1059 1507 ·tem
1080 1474 1243 1516 Evangelii
1269 1485 1365 1507 causa
1386 1484 1458 1507 cum
1488 1474 1527 1507 ad
1554 1474 1641 1507 varia
1670 1485 1741 1518 pas-

996 1528 1056 1560 sim
1086 1528 1157 1560 loca
1176 1538 1209 1560 se
1230 1528 1414 1568 conferret,
1445 1538 1481 1560 ac
1505 1533 1677 1571 propterea
1702 1528 1741 1560 ad

997 1582 1175 1615 Vandalum
1189 1581 1310 1614 flumen
1327 1581 1556 1623 Vissogradum
1570 1581 1742 1614 Massoviae

996 1635 1110 1668 urbem
1131 1633 1388 1668 redundantibus
1403 1634 1495 1677 aquis
1508 1634 1742 1677 praeterfluens

998 1688 1172 1732 aliquando
1200 1687 1415 1731 pervenisset,
1449 1688 1539 1720 nullo
1571 1688 1738 1727 nauclero,

998 1742 1153 1785 nulloque
1172 1741 1312 1783 navigio,
1336 1752 1400 1784 quo
1432 1746 1520 1774 trans
1540 1752 1668 1774 amnem
1689 1752 1742 1775 ve-

999 1795 1140 1833 heretur,
1165 1795 1204 1828 ad
1225 1795 1310 1827 illius
1327 1795 1414 1838 ripas
1435 1801 1620 1838 conspecto,
1638 1795 1744 1828 divina

999 1860 1059 1892 ope
1081 1849 1262 1892 implorata,
1291 1853 1322 1881 et
1342 1848 1445 1881 crucis
1476 1848 1567 1891 signo
1599 1858 1746 1881 commu-

1000 1903 1096 1944 nitus,
1121 1903 1254 1936 comites
1275 1903 1314 1935 ad
1328 1903 1387 1936 iter
1411 1913 1468 1947 per
1485 1903 1609 1935 medios
1629 1903 1745 1935 fluctus

1000 1957 1149 1990 alacriter
1170 1958 1433 2001 prosequendum
1463 1957 1585 1990 hortari
1607 1957 1693 1990 hunc
1714 1957 1745 1989 in

1001 2011 1134 2044 modum
1155 2011 1271 2055 eoepit:
1305 2011 1371 2050 Eia,
1396 2011 1511 2054 inquit,
1536 2010 1605 2051 filii⁷
1640 2010 1746 2053 sequi-

1001 2065 1080 2097 mini
1101 2064 1233 2107 vestigia
1251 2075 1323 2097 mea
1343 2064 1374 2096 in
1389 2063 1520 2097 nomine
1537 2063 1663 2097 Christi.
1678 2063 1745 2102 Quo

1002 2118 1098 2157 dicto,
1124 2118 1230 2150 statim
1252 2117 1283 2150 in
1304 2118 1425 2150 flumen
1446 2117 1538 2150 siccis
1557 2117 1698 2159 vestigiis
1713 2127 1746 2149 se

1001 2171 1145 2204 immisit.
1167 2171 1285 2204 Verum
1311 2171 1406 2204 sociis
1428 2176 1635 2215 praeeuntem
1655 2170 1746 2203 illum

1002 2225 1092 2268 sequi
1113 2225 1343 2264 metuentibus,
1368 2230 1498 2258 extenso
1512 2224 1609 2268 pallio
1630 2234 1746 2267 aquam

1004 2283 1129 2319 tegens:.
1154 2278 1256 2320 Agite,
1288 2278 1402 2321 inquit,
1433 2277 1489 2310 filii
1519 2277 1686 2317 carissimi,
1709 2277 1748 2310 sit

1004 2332 1053 2366 isti
1074 2333 1167 2366 nobis
1186 2344 1268 2377 pons
1288 2334 1357 2366 Iesu
1379 2332 1505 2371 Christi,
1526 2343 1585 2375 per
1605 2342 1701 2376 quem
1716 2331 1748 2364 in

1005 2385 1135 2419 nomine
1161 2386 1236 2419 Eius
1258 2392 1469 2419 transeamus.
1494 2386 1603 2429 Itaque
1628 2385 1748 2418 ssumen

1006 2439 1083 2471 illud
1104 2439 1295 2472 altissimum
1321 2439 1416 2472 simul
1447 2449 1483 2472 ac
1506 2438 1749 2482 rapidissimum

1005 2504 1070 2526 una
1090 2504 1162 2526 cum
1185 2493 1285 2539 sociis
1305 2493 1477 2526 incolumis
1505 2492 1639 2526 traiecit.
1664 2492 1749 2531 Quo—

1007 2547 1079 2580 dam
1102 2552 1248 2592 tempore
1269 2547 1376 2587 etiam,
1405 2558 1478 2581 cum
1500 2558 1558 2591 per
1579 2557 1671 2590 agros
1692 2546 1750 2580 vil-

1008 2603 1055 2635 lae
1076 2602 1243 2635 cuiusdam
1266 2601 1421 2635 dioecesis
1441 2601 1657 2635 Craroviensis
1682 2601 1751 2634 ino-

1746 191 1795 217 Λη.
1813 192 1841 218 C.
1865 193 1932 219 1594

1785 255 1885 275 itii-uenti
1905 256 1932 275 ti-

1747 288 1796 301 wns
1807 283 1870 302 inulta
1878 283 1933 303 seril,

1747 315 1835 334 quorum
1862 310 1933 335 aliqua

1747 336 1781 355 tiis>
1797 338 1920 357 roh—runnu.
