2253 3195
13 275 61 302 An.
79 275 106 300 r..
133 272 198 299 ¹595

47 1925 127 1946 Causae
136 1925 203 1945 subsi-

21 1953 49 1974 dii
65 1953 157 1979 petendi.

47 2565 155 2592 impositio
163 2566 210 2586 sub-

28 2591 77 2612 sidii
92 2592 118 2612 (Ie.
134 2598 175 2619 quo
191 2593 211 2613 in

0 2621 5 2642 Ρ
28 2617 120 2640 rubrica.

828 271 974 295 CLEMENS
992 269 1049 294 vm
1070 271 1119 293 PP-

211 331 351 364 quoque,
376 320 506 353 indultis
527 327 554 352 et
578 320 689 353 litteris
710 320 893 363 apostolicis
923 319 951 350 iu

210 373 406 407 contrarium
439 373 676 416 praedit-torum
709 372 950 415 quomodolibet

211 427 380 464 concessis,
396 426 594 459 confirmatis
615 432 640 458 et
665 425 867 469 approbatis,
885 424 954 467 qui-

211 481 269 513 bus
295 480 446 513 omuibus
467 486 495 512 et
522 480 670 521 singulis,
694 490 805 511 eorum
829 484 954 510 tenores

210 534 432 577 praesentibus
458 544 515 577 pro
536 533 693 575 expressis
710 532 874 567 habentes,
897 531 953 562 har

211 585 277 617 vire
298 586 472 621 dumtaxat,
490 583 672 626 specialiter
692 589 722 615 etv
743 592 889 625 expresse
902 581 954 613 de-

212 649 374 681 rogamus,
396 637 594 680 caeterisque
616 635 784 668 contrariis
815 634 951 677 quibus-

210 701 359 734 cumque.

254 745 368 777 Datum
383 745 503 777 Romae
524 743 608 786 apud
626 743 655 775 S.
669 742 809 778 Petrum,
825 740 883 774 sub
897 750 954 772 an-

210 797 287 830 nulo
314 797 505 834 Piscatoris,
535 796 584 830 die
610 806 653 829 vu
686 794 790 827 martii
824 803 951 831 unxcv,

211 850 418 894 pontificatus
438 850 537 883 nostri
559 860 643 882 anno
665 859 706 882 iv.

246 913 302 940 nai.
320 913 363 940 die
383 915 396 940 7
415 914 505 940 martii
530 914 604 945 1505,
627 912 722 948 pontif.
741 921 783 939 au.
802 918 836 938 tx'.

797 996 819 1014 Q

546 1075 618 1108 CIII.

212 1174 400 1207 Subsidium
420 1177 582 1205 scottorum
605 1171 853 1215 q'm'nquctqt'nta
874 1169 952 1201 mil-

258 1238 338 1270 Iium
371 1248 467 1281 super
490 1237 651 1280 fructibus
677 1244 957 1279 quorumcumque

258 1300 483 1342 beneficiorum
516 1300 548 1331 in
582 1298 727 1330 domimo
769 1297 956 1329 Venetorum

258 1363 465 1396 eoeislentium
504 1372 562 1405 pro
600 1361 733 1395 Camerti
770 1358 957 1402 Apostolica

678 1423 683 1439 Ι

258 1426 358 1458 unica
378 1426 444 1457 rice
464 1424 657 1467 exiqeudum
691 1452 696 1456 .

215 1514 386 1542 Venerabili
401 1514 488 1542 fratri
499 1513 645 1541 Ludovico
662 1513 800 1547 episcopo
810 1511 958 1540 Laudensi

251 1571 354 1596 nostro
367 1570 397 1595 et
411 1567 598 1601 Apostolicae
615 1567 698 1594 Sedis
714 1567 744 1593 in
761 1566 889 1593 dominio
905 1566 959 1592 Ve-

251 1626 389 1650 netorum
405 1622 516 1649 nuncio

402 1678 557 1709 clemens
571 1678 664 1718 Papa
677 1678 769 1707 vlu.

233 1746 417 1774 Venerabilis
432 1746 537 1778 frater,
555 1747 686 1773 salutem
702 1748 733 1772 et
747 1744 944 1779 apostolicam

465 1800 718 1828 benedictionem.
870 1796 878 1799 ”

262 1873 324 1906 Eae
345 1878 419 1906 sunt
442 1878 571 1905 nostrae
592 1877 623 1905 et
642 1872 732 1906 Sedis
760 1870 963 1915 Apostolicae

219 1927 395 1970 angustiae,
417 1937 518 1970 eaque
539 1926 775 1969 impensarum,
799 1936 879 1968 quas
903 1925 963 1957 hoc

218 1981 407 2024 praesertim
430 1986 574 2023 tempore
604 1980 708 2012 facere
723 1978 880 2021 cogimur,
898 1989 964 2010 ma-

220 2034 368 2076 gnitudo,
382 2039 418 2066 ut.
439 2044 512 2066 eum
534 2033 596 2066 illis
609 2032 806 2076 perferendis
820 2031 964 2065 consueti

219 2088 372 2121 Gamerae
392 2092 521 2120 nostrae
542 2086 687 2119 redditus
707 2097 772 2119 non
793 2085 962 2125 sufficiant,

220 2142 260 2174 ad
277 2147 463 2185 praesentes
484 2141 629 2173 eiusdem
651 2140 742 2173 Sedis
764 2140 966 2173 difficultates

220 2194 329 2238 aliquo
350 2199 443 2238 pacto
465 2193 688 2233 sublevandas,
710 2193 852 2227 subsidia
866 2204 967 2237 aper-

220 2248 307 2282 sonis
328 2247 552 2281 ecelesiasticis
567 2246 697 2290 (quibus
711 2247 858 2288 graviora
869 2257 967 2279 onera

222 2301 411 2343 iniungendi
428 2300 652 2334 necessitatem
673 2300 766 2333 nobis
785 2300 967 2343 impositam

223 2366 291 2388 esse
312 2355 449 2388 maxime
475 2354 646 2396 dolemus),
668 2359 795 2397 praeter
820 2353 970 2386 intentio-

222 2418 297 2441 nem
322 2419 359 2441 ac
384 2413 525 2441 mentem
550 2412 708 2445 nostram,
733 2406 859 2449 exigere
881 2417 969 2439 com-

225 2461 396 2504 pellamur.

271 2516 287 2556 ἓ
310 2513 339 2546 1.
364 2513 418 2546 His
444 2513 541 2556 igitur
570 2513 673 2546 causis
701 2513 853 2552 adducti,
883 2519 970 2546 motu

226 2566 370 2610 proprio,
393 2572 424 2599 et
443 2577 479 2599 ex
500 2572 586 2600 certa
607 2566 757 2606 seientia,
782 2571 972 2610 maturaque

228 2620 461 2653 deliberatione
488 2626 619 2661 nostra,
641 2631 677 2653 ac
708 2621 747 2653 de
778 2620 973 2664 apostolicae

267 2685 276 2709 1
297 2683 333 2710 Ex
348 2684 457 2718 Regest.
476 2683 501 2710 iu
517 2683 618 2710 Secret.
634 2683 766 2710 [ti-exitiis.

281 2736 358 2764 Bull.
381 2737 462 2764 Rom.
487 2737 546 2764 Vol.
568 2737 595 2764 X
820 2737 857 2765 25

988 318 1152 362 potestatis
1183 316 1405 360 plenitudiue,
1436 315 1614 348 subsidium
1636 315 1729 357 quin-

989 371 1141 414 quaginta
1167 370 1301 402 tuillium
1323 375 1488 402 scutorum
1510 369 1578 401 auri
1601 368 1631 400 in
1653 378 1731 400 auro

988 436 1084 467 super
1111 424 1261 456 munibus
1286 429 1316 456 ct
1340 423 1597 467 quiluiscumque
1621 421 1732 454 srueti-

989 477 1059 514 bus,
1085 477 1278 514 redditibus,
1303 476 1533 520 proventibus,
1560 475 1682 507 iurIbus
1703 479 1734 506 et

990 530 1238 562 obventionibus
1259 529 1414 562 universis
1435 529 1581 561 omnium
1604 533 1635 560 et.
1655 538 1734 571 qua-

991 593 1205 626 rumcumque
1223 583 1431 615 ecclesiarum
1455 581 1729 626 patriarchalium,

991 637 1331 679 metropolitanarum,
1356 636 1612 673 snthedralium,
1635 635 1732 667 colle-

985 689 1159 731 giatarum,
1184 689 1430 733 parochialium,
1455 700 1513 721 uec
1542 698 1607 720 non
1628 687 1729 719 colle-

990 743 1129 785 giorum,
1159 743 1430 776 monasteriorum
1451 748 1482 775 et
1502 747 1729 780 conventuum,

990 808 1025 830 ae
1046 797 1142 830 etiam
1164 807 1348 830 mensarum
1378 796 1660 840 patriarchalium,
1684 805 1733 827 ar-

991 851 1287 895 chiepiscopalium,
1312 850 1556 893 episcopalium,
1584 849 1730 881 abbatia-

990 905 1092 945 lium,
1121 905 1347 948 capitularium
1380 915 1416 937 ac
1448 902 1730 941 conventualium,

991 959 1193 1002 prioratuum
1231 969 1381 1001 quoque,
1410 957 1707 1001 praepositurarum
1726 983 1731 993 ,

991 1012 1267 1056 praepositatuunt
1284 1039 1291 1049 ,
1323 1011 1620 1054 praeceptoriarum
1636 1037 1643 1049 ,
1678 1020 1732 1041 ca·

991 1066 1216 1103 nonicatuum,
1241 1065 1517 1109 praebendarum,
1542 1063 1734 1106 dignitatum

992 1120 1087 1151 etiam
1114 1119 1273 1152 maiorum
1292 1125 1323 1151 et
1344 1118 1572 1161 principalium
1588 1145 1595 1157 ,
1620 1128 1733 1160 perso—

991 1179 1135 1209 natuum,
1153 1172 1467 1205 administratiomuu
1494 1177 1522 1203 et
1543 1171 1733 1209 officiorum,

991 1232 1259 1269 caeterorumque
1280 1225 1512 1258 beneficiorum
1540 1224 1734 1257 ecclesiasti-

992 1290 1103 1313 corum
1119 1290 1191 1312 cum
1207 1290 1282 1312 cura
1297 1285 1325 1312 et
1339 1278 1406 1311 sine
1421 1289 1497 1311 eura
1508 1278 1735 1316 saecularium,

992 1341 1019 1367 et
1043 1334 1232 1378 quorumvis
1253 1333 1411 1367 Ordinum
1433 1339 1464 1365 et
1484 1333 1685 1371 militiarum,
1703 1342 1738 1364 ar

992 1388 1219 1432 hospitalium,
1244 1398 1280 1420 ac
1302 1387 1397 1420 etiam
1429 1397 1542 1419 eorum
1558 1414 1565 1427 ,
1587 1386 1641 1429 qui
1662 1396 1738 1429 pro-

992 1442 1143 1486 prietates
1164 1441 1373 1484 redditusque
1388 1446 1492 1474 certos
1513 1450 1549 1472 ex
1570 1439 1739 1483 privilegio

993 1495 1180 1540 apostolico,
1197 1500 1250 1527 aut
1270 1494 1346 1526 alias
1367 1493 1532 1537 possident
1551 1492 1739 1525 mendican-

994 1549 1085 1587 tium,
1110 1555 1138 1582 ct
1161 1558 1446 1592 quorumcumque
1477 1547 1616 1580 aliorum
1647 1546 1739 1580 Ordi-

994 1614 1071 1636 num
1093 1603 1263 1646 utriusque
1284 1613 1376 1635 sexus
1398 1602 1597 1644 regularium
1618 1601 1649 1633 in
1670 1601 1742 1633 uni-

997 1668 1087 1690 verso
1102 1656 1247 1690 dominio
1260 1655 1458 1699 reipublicae
1473 1655 1666 1688 Venetorum
1679 1654 1742 1686 exi-

997 1711 1160 1748 stentium,
1185 1710 1258 1742 licet
1278 1710 1348 1742 aliis
1369 1709 1523 1742 oneribus
1544 1708 1664 1751 gravati
1679 1708 1743 1740 exi-

997 1770 1091 1803 stant,
1115 1775 1173 1807 pro
1194 1775 1258 1796 una
1278 1764 1345 1797 vice
1369 1770 1503 1803 tantum,
1522 1769 1632 1796 tenore
1651 1772 1743 1806 prae,-

998 1818 1149 1855 sentium,
1174 1817 1347 1851 indicimus
1368 1823 1395 1850 et
1420 1817 1628 1861 imponimus.

1044 1874 1059 1914 ξ
1081 1872 1111 1904 2.
1133 1873 1176 1904 Ac
1194 1876 1367 1915 propterca
1388 1871 1577 1904 fraternitati
1602 1876 1673 1903 tuae
1687 1880 1745 1913 per

999 1932 1184 1970 praesentes
1199 1925 1431 1959 committimus
1448 1930 1476 1957 et
1490 1925 1693 1961 mandamus,
1710 1929 1742 1956 ut

1000 1980 1179 2013 subsidium
1200 1979 1386 2012 huiusmodi
1407 1979 1447 2011 ab
1465 1978 1621 2011 universis
1639 1983 1670 2010 et
1682 1977 1745 2009 siu-

1001 2034 1082 2075 gulis
1107 2033 1346 2066 venerabilibus
1364 2033 1518 2065 fratribus
1538 2031 1742 2075 patriardfis,

1001 2086 1264 2130 archiepiscopis
1286 2085 1455 2129 episcopis,
1471 2096 1507 2118 ac
1521 2084 1645 2118 dilectis
1659 2084 1743 2122 filiis,

1001 2139 1153 2183 Capitulis
1174 2144 1204 2172 et
1224 2138 1347 2172 clericis
1372 2138 1586 2175 beneficiatis,
1611 2147 1746 2170 necnon

1003 2194 1184 2231 abhatibus,
1208 2193 1382 2237 prioribus,
1412 2191 1615 2236 praepositis,
1639 2191 1744 2223 admi-

1004 2246 1242 2287 nistratoribus,
1264 2246 1486 2285 conventibus,
1512 2245 1667 2287 collegiis,
1689 2244 1748 2277 mi-

1005 2300 1114 2332 litibus
1148 2305 1179 2332 et
1213 2299 1283 2332 aliis
1313 2299 1573 2343 quibuscumque
1602 2298 1748 2341 personis

1006 2353 1229 2386 ecelesiasticis
1256 2353 1476 2386 saecularilms
1501 2357 1531 2385 et
1562 2351 1748 2395 quorumvis

1006 2406 1161 2439 Ordinum
1189 2412 1217 2439 et
1247 2406 1454 2442 militiarum,
1483 2417 1520 2438 ac
1539 2405 1747 2449 hospitalium

1007 2460 1193 2493 huiusmodi
1219 2459 1423 2502 regularibus
1447 2459 1616 2503 utriusque
1636 2470 1746 2497 sexus,

1008 2514 1169 2554 ecclesias,
1195 2513 1403 2551 monasteria,
1420 2513 1593 2557 prioratus,
1611 2523 1750 2557 praepo-

1006 2564 1392 2610 situras,'praepositatus,
1411 2567 1592 2609 dignitates,
1614 2567 1751 2599 admini-

1008 2620 1194 2661 strationeS,
1226 2620 1345 2658 officia,
1380 2626 1569 2664 caeteraque
1594 2620 1751 2653 beneficia

1010 2674 1224 2707 ecclesiastica
1238 2673 1422 2707 huiusmodi
1444 2674 1621 2707 saecularia
1634 2675 1681 2707 vel
1696 2686 1748 2707 re-

1636 256 1698 288 ’193
1745 266 1793 292 An.
1817 266 1844 292 o.
1864 266 1931 293 r1:395

1799 1877 1879 1898 Nuncia
1894 1882 1945 1902 ape-

1760 1906 1834 1925 stolivo
1852 1904 1945 1924 ramum-

1760 1934 1810 1951 titur
1826 1930 1945 1951 huiusmodi

1760 1958 1946 1979 subsidunt-mette.
