2253 3195
17 308 19 324 3
66 306 114 333 An.
133 305 162 333 C.
183 304 251 332 1599

14 2198 15 2205 ⁴
13 2176 15 2188 -
8 1623 21 2159 —ss—o-s-ob—›vQ—„nv-ea-enwff--g
18 1575 20 1579 ¹

113 2381 204 2408 Eiusque
229 2387 260 2401 re-

100 2413 145 2428 men
166 2408 260 2434 patribus

97 2435 192 2455 ueietatis

80 2460 194 2481 committit.

213 2435 260 2455 lesu

876 304 1022 329 CLEMENS
1041 303 1099 328 vin
1120 304 1169 328 pr.
1686 291 1750 325 543
1797 302 1847 328 An.
1868 301 1896 328 c.
1915 301 1982 328 1599

265 353 362 386 modo
383 358 414 387 et
435 364 470 386 ex
502 353 734 397 cuiuscumque
761 363 899 397 persona
914 380 921 392 ‚
951 363 1006 386 seu

264 417 322 450 per
343 406 478 439 liberam
500 407 677 440 cessionem
700 407 838 440 cuiusvis
863 407 901 439 de
923 406 1008 438 illins

264 460 421 502 regimine
442 467 473 493 et
502 460 782 493 administratione
804 460 833 492 in
864 460 1009 493 Romana

264 566 394 610 publico
416 573 445 600 ct
465 567 598 600 testibus
615 573 729 610 sponte
748 567 881 606 factam,
907 572 1005 605 vacet,

266 620 391 653 etiamsi
424 626 511 653 tanto
541 626 687 663 tempore
709 619 891 660 vacaverit,
922 620 1008 663 quod

266 672 333 705 eius
353 673 511 716 provisio,
540 673 626 705 iuxta
650 672 873 705 Lateranensis
893 678 1009 705 statuta

265 725 396 759 Concilii
424 731 477 758 aut
503 726 581 758 alias
601 725 773 758 canonicas
804 725 1006 763 sanctiones,

266 779 305 812 ad
326 779 440 812 Scdem
463 779 682 822 Apostolicam
705 779 848 821 legitume
862 779 1009 812 devoluta

266 832 306 866 sit
325 860 332 873 ,
367 833 486 877 illaque
514 844 550 866 ex
586 834 696 876 quavis
723 844 818 866 causa
836 834 875 866 ad
895 833 1009 866 Sedent

267 886 414 919 eamdem
439 886 623 930 specialiter
647 892 678 920 et
707 887 903 929 generaliter
931 897 1007 930 per-

267 938 377 980 tineat,
405 950 441 972 ac
461 950 558 983 super
578 939 736 982 regimine
757 946 787 972 et
807 939 1009 973 administra-

267 992 355 1025 tione
382 993 555 1036 praedictis
588 993 670 1026 inter
696 993 820 1036 aliquos
841 992 890 1031 lis,
915 992 1009 1026 etiam

268 1056 366 1090 super
386 1057 499 1079 eorum
521 1046 731 1090 possessorio,
759 1046 807 1079 vel
828 1046 918 1090 quasi
937 1056 1009 1079 mo-

268 1099 360 1133 lestia
392 1100 498 1143 (euius
527 1106 645 1133 statum
671 1100 766 1133 etiam
789 1099 1012 1143 praesentibus

268 1152 381 1186 haberi
409 1153 557 1186 volumus
587 1163 645 1196 pro
667 1154 841 1196 expresso)
875 1152 1014 1196 pendeat

269 1206 424 1246 indecisa,
443 1207 621 1240 dummodo
643 1213 788 1250 tempore
809 1207 901 1239 datae
922 1217 1013 1249 prae-

269 1260 406 1293 sentium
428 1271 493 1294 non
510 1261 548 1294 sit
563 1261 668 1294 eidem
691 1261 887 1294 monasterio
909 1260 947 1293 de
959 1260 1014 1293 ab-

268 1313 343 1346 bate
367 1314 522 1347 canonice
552 1314 737 1358 provisum,
773 1324 845 1347 cum
881 1313 1014 1347 annexis

269 1366 476 1408 huiusmodi,
500 1379 536 1401 ac
558 1368 708 1401 omnibus
729 1368 852 1400 iuribus
868 1367 1010 1411 etperti-

269 1420 389 1454 nentiis
402 1421 478 1461 suis,
494 1432 621 1454 necnon
642 1421 673 1453 in
695 1432 732 1454 eo
754 1421 907 1454 Ordinem
922 1431 1014 1464 prae-

271 1473 404 1513 dictum,
429 1480 459 1507 et
478 1484 686 1507 communem
707 1480 825 1507 statum
847 1480 877 1507 et
901 1485 1010 1507 essen-

270 1526 348 1560 tiam
363 1528 541 1570 regulares,
556 1527 747 1561 auctoritate
764 1527 953 1571 apostolica,
970 1533 1015 1560 te-

270 1591 350 1614 nore
364 1581 594 1625 praesentium,
611 1586 768 1625 perpetuo
781 1581 1015 1624 supprimimus

272 1641 301 1668 et
327 1635 564 1678 extinguimus;
588 1646 624 1668 ac
645 1635 676 1667 in
704 1635 869 1678 praedicto
894 1635 1014 1678 oppido

271 1689 460 1729 Mosecano,
491 1695 522 1722 et
546 1689 680 1721 aedibus
709 1689 861 1732 antiquae
885 1689 1014 1721 scholae

271 1742 334 1775 iam
374 1742 445 1775 usui
491 1748 519 1774 et
556 1742 747 1775 habitationi
783 1742 1014 1775 nonnullorum

271 1795 468 1829 scholarium
507 1802 537 1829 et
560 1796 719 1829 lectorum
748 1796 1012 1834 accommodatis,

272 1860 372 1882 unum
401 1849 572 1892 collegium
595 1860 653 1893 pro
678 1860 738 1882 usu
759 1855 790 1882 et
816 1849 1015 1882 habitatione

273 1903 444 1936 duodecim
466 1904 513 1936 vel
528 1903 669 1947 plurium
684 1903 899 1945 collegialium
913 1903 1017 1936 Theu-

273 1957 457 1990 tonicorum
467 1956 692 1990 Bursariorum
707 1957 1013 2000 nuncupandorum,

274 2009 328 2053 qui
346 2020 405 2043 suo
427 2016 572 2053 tempore
592 2010 632 2043 ad
652 2020 760 2043 sacros
785 2009 915 2042 ordines
936 2020 1013 2053 pro-

274 2063 408 2103 moveri,
425 2074 461 2096 ac
482 2063 565 2096 inter
585 2073 639 2096 eos
660 2063 789 2096 oriundi
810 2074 847 2095 ex
867 2062 956 2101 locis,
985 2062 1016 2095 in

274 2116 391 2160 quibus
412 2116 512 2160 ipsius
531 2116 694 2159 suppressi
723 2116 911 2149 monasterii
932 2116 1017 2149 bona

273 2170 333 2203 sita
353 2175 436 2210 sunt,
454 2170 524 2203 aliis
544 2170 700 2214 praeferri
718 2170 867 2210 debeant,
889 2180 1016 2202 necnon

274 2223 368 2257 unius
389 2224 533 2263 rectoris,
557 2234 594 2256 ac
614 2224 765 2261 duorum,
790 2234 845 2256 seu
875 2223 1015 2267 plurium

274 2276 446 2315 lectorum,
463 2277 516 2321 qui
531 2287 567 2310 ex
590 2276 748 2318 religiosis
768 2276 1016 2309 Societatislesu

275 2330 420 2370 existant,
454 2338 485 2363 et
507 2336 569 2363 tam
591 2329 668 2362 dicti
689 2329 890 2371 collegialcs,
920 2340 1015 2372 quam

274 2394 392 2427 pueros
422 2383 533 2427 oppidi
560 2389 590 2416 et
619 2382 803 2426 provinciae
830 2382 1015 2414 huiusmodi

276 2436 531 2478 grammaticam,
560 2435 755 2469 rethoricam
783 2440 814 2468 et
837 2434 914 2467 alias
934 2440 1018 2467 artes

276 2489 438 2529 liberales,
462 2489 629 2533 bonosque
650 2499 768 2529 mores,
786 2499 821 2521 ae
838 2487 1016 2521 doctrinam

277 2543 483 2576 christianam
515 2542 643 2587 publice
680 2543 796 2575 docere
827 2546 1015 2578 teneantur,

277 2597 467 2630 auctoritate
494 2603 525 2630 ct
555 2602 666 2630 tenore
698 2595 892 2640 praedictis,
922 2594 1016 2628 etiam

277 2656 446 2694 perpetuo,
463 2650 531 2684 sine
545 2649 679 2682 alicuius
693 2647 903 2693 praeiudicio,
925 2647 1018 2690 erigi-

278 2714 349 2739 mus
368 2709 401 2738 ct
421 2703 627 2738 instituimus.

1086 354 1101 394 ξ
1122 351 1152 385 lt.
1176 351 1289 395 Illique
1306 351 1351 384 sic
1371 356 1478 384 erecto
1499 355 1529 384 et
1550 349 1694 383 instituto
1715 361 1783 384 om·
1858 363 1982 383 Huiusmodi

1041 405 1093 438 nia
1116 411 1146 438 et
1163 405 1290 447 singula
1304 405 1377 438 dicti
1399 404 1561 448 suppressi
1582 404 1780 443 monasterii,
1800 390 1984 441 ἷῗὲἷῗῗᾞυιῖἷῖἳέἒῖἷ

1801 443 1856 463 bona
1863 449 1931 462 onmia
1939 443 1984 462 red-

1024 476 1026 491 ι
1042 459 1132 491 acilli
1147 469 1345 491 annexorum
1357 469 1636 502 quorumcumque
1650 459 1781 497 fructus,
1802 470 1900 495 anusque
1925 471 1985 489 ans,-

264 512 357 546 Curia
371 514 417 546 vel
434 520 521 546 extra
534 524 617 553 earn,
638 513 732 546 etiam
755 524 863 546 coram
882 512 1008 545 notario
1025 538 1026 542 ,

1043 512 1199 552 redditus,
1215 518 1400 556 proventus,
1425 512 1505 553 iura,
1530 512 1738 545 obventiones
1757 517 1787 544 et
1801 497 1853 516 ”⁰¹⁸

1044 565 1262 598 emolumenta
1295 576 1519 609 quaecumque
1552 570 1615 598 tam
1653 564 1786 597 mobilia

1044 629 1139 661 quam
1161 618 1340 651 immobilia
1352 619 1455 651 ubivis
1472 619 1649 657 existentia,
1665 618 1785 651 eisdem

1044 671 1236 704 auctoritate
1256 677 1288 704 et
1308 678 1430 711 tenore,
1454 671 1601 704 similiter
1631 677 1787 715 perpetuo

1044 724 1552 768 applicamusetappropriamus,
1581 725 1700 757 dictum
1715 725 1785 758 col-

1046 777 1176 819 legium,
1200 788 1259 810 nec
1280 789 1343 810 non
1368 778 1436 811 eius
1457 778 1639 820 collegiales
1659 784 1690 811 ct
1709 789 1785 821 per-

1045 840 1139 863 sonas
1166 841 1225 874 pro
1253 837 1397 875 tempore
1427 831 1607 871 existentes,
1632 843 1668 864 ac
1687 842 1737 864 res
1758 837 1789 864 et

1048 883 1130 916 bona
1151 895 1377 928 quaecumque
1399 885 1530 917 mobilia
1552 890 1581 918 et
1596 884 1785 924 immobilia,

1048 942 1109 968 tam
1143 937 1367 971 educationem
1398 945 1428 971 et
1448 938 1658 978 alimoniam,
1690 948 1788 982 quam

1046 990 1108 1022 alia
1129 1001 1354 1034 quaecumque
1384 991 1582 1032 neccssaria,
1607 1002 1713 1031 curae,
1737 1002 1789 1025 re-

1046 1043 1171 1085 gimini,
1199 1044 1357 1086 gubernio
1379 1044 1693 1078 etadministrationi
1714 1055 1787 1078 om-

1047 1098 1186 1131 nimodis
1222 1098 1447 1140 religiosorum
1487 1098 1591 1131 dictae
1623 1098 1790 1131 Societatis

1048 1151 1126 1184 inibi
1148 1151 1473 1191 introducendorum,
1497 1151 1686 1184 auctoritate
1700 1157 1731 1184 et
1745 1157 1790 1184 te-

1048 1215 1126 1238 nore
1152 1205 1331 1245 similibus,
1356 1205 1479 1248 pariter
1505 1211 1664 1249 perpetuo
1685 1205 1788 1238 subii-

1048 1258 1151 1291 cimus
1171 1264 1202 1290 et
1223 1258 1477 1298 committimus;
1513 1258 1556 1291 ita
1584 1258 1670 1302 quod
1698 1258 1793 1291 liceat

1048 1311 1206 1354 religiosis
1226 1311 1392 1346 Societatis
1425 1312 1611 1345 huiusmodi
1633 1312 1734 1353 inibi,
1758 1318 1793 1345 ut

1048 1365 1238 1408 praefertur,
1249 1365 1789 1409 introducendispersc,velalium,

1048 1429 1103 1451 scu
1128 1419 1208 1452 alios
1228 1419 1361 1451 nomine
1382 1419 1458 1452 dicti
1472 1419 1599 1461 collegii
1617 1419 1661 1452 sic
1681 1419 1789 1458 erecti,

1049 1473 1264 1516 corporalem,
1289 1473 1407 1505 realem
1435 1478 1465 1505 et
1485 1473 1641 1505 actualem
1660 1483 1789 1516 posses—

1049 1526 1173 1559 sionem
1195 1526 1369 1560 bonorum.
1391 1526 1567 1566 fructuum,
1591 1526 1788 1563 reddituum,

1050 1585 1276 1622 proventuum,
1297 1579 1428 1619 iurium,
1453 1579 1683 1612 obventionum
1704 1585 1735 1612 et
1752 1589 1788 1612 e·

1050 1634 1326 1666 molumentorum
1362 1633 1602 1677 praedictorum
1636 1643 1671 1665 ex
1707 1643 1793 1666 nunc

1050 1687 1181 1731 propria
1201 1686 1392 1720 anctoritate
1413 1686 1514 1719 libere
1534 1686 1790 1730 apprehendere,

1050 1746 1080 1773 et
1097 1746 1255 1784 perpetuo
1281 1739 1433 1779 retinere,
1457 1739 1575 1783 illaque
1599 1739 1630 1771 in
1652 1740 1790 1782 collegii,

1050 1805 1086 1827 ac
1104 1794 1173 1826 eius
1194 1793 1349 1833 rectoris,
1373 1793 1543 1831 lectorum,
1576 1793 1794 1835 collegialium

1051 1853 1081 1880 et
1098 1857 1311 1891 personarum
1345 1846 1532 1879 huiusmodi
1557 1857 1644 1887 usus,
1668 1846 1791 1880 utilita-

1053 1907 1114 1934 tem
1136 1907 1167 1933 et
1186 1900 1409 1934 necessitatem
1432 1906 1630 1940 convertere,
1655 1900 1793 1934 cuiusvis

1052 1954 1181 1988 licentia
1202 1955 1340 1998 desuper
1365 1954 1499 1987 mininie
1520 1953 1684 1997 requisita.

1096 2007 1161 2051 §5-
1186 2008 1322 2051 Insuper
1342 2007 1447 2040 cidem
1473 2007 1620 2049 collegio,
1646 2007 1794 2051 illiusque
1843 2011 1995 2038 Eterivzlesea

1811 2045 1893 2061 amnia.
1917 2038 1995 2067 quibus

1052 2072 1110 2106 pro
1132 2068 1279 2105 tempore
1300 2061 1507 2094 existentibus
1537 2061 1671 2101 rectori,
1695 2062 1996 2117 001¹G·l¹,.¹}³132.⁵¹²'s‘.'-2{‚1,ffl¹r]

1052 2115 1190 2157 gialibus
1205 2142 1212 2155 ,
1241 2115 1427 2155 lectoribus,
1456 2115 1609 2147 ministris
1635 2120 1665 2147 et
1684 2125 1794 2158 perso-
1810 2118 1915 2140 comilit-

1052 2169 1122 2207 nis,
1155 2175 1187 2201 ut
1211 2168 1360 2201 omnibus
1388 2174 1417 2201 et
1439 2168 1572 2210 singulis
1596 2167 1790 2211 privilegiis,

1053 2221 1323 2260 immunitatibus,
1344 2221 1613 2264 exemptionibus,
1636 2221 1745 2263 gratiis
1764 2228 1792 2255 et

1053 2274 1316 2318 praeeminentiis
1337 2274 1368 2306 in
1394 2273 1655 2317 processionibus
1675 2279 1707 2307 et
1720 2274 1796 2307 acti-

1054 2328 1111 2360 bus
1131 2327 1269 2371 publicis
1281 2338 1317 2360 ac
1338 2326 1480 2370 privatis,
1498 2337 1622 2360 necnon
1644 2327 1714 2359 aliis
1726 2327 1796 2370 qui-

1052 2381 1253 2424 buscumque
1276 2380 1500 2413 occasionibus
1513 2386 1543 2413 et
1558 2380 1664 2420 rcbtm,
1679 2381 1796 2424 quibus

1052 2434 1113 2467 alia
1142 2435 1277 2477 collegia
1303 2434 1420 2467 similia
1448 2434 1506 2467 sub
1539 2434 1698 2476 gubernio
1720 2435 1795 2468 reli-

1052 2488 1216 2529 giosorum
1238 2487 1405 2521 Societatis
1427 2487 1613 2520 huiusmodi
1644 2487 1795 2530 degentia

1053 2541 1092 2574 de
1113 2541 1193 2580 iure,
1208 2552 1278 2580 usu,
1291 2540 1535 2580 consuetudine,
1552 2546 1606 2573 aut
1626 2541 1704 2573 alias
1716 2551 1796 2585 quo-

1055 2594 1231 2627 modolibet
1250 2599 1397 2634 utuntur,
1421 2594 1571 2627 fruuntur
1591 2599 1621 2626 et
1640 2594 1792 2636 gaudent,

1054 2657 1179 2680 necnon
1201 2647 1264 2685 uti,
1288 2646 1368 2687 srui,
1389 2646 1483 2690 potiri
1506 2652 1536 2680 ct
1559 2647 1701 2689 gaudere
1722 2657 1795 2691 pos-

1054 2706 1128 2734 sunt
1148 2707 1177 2734 et
1198 2706 1351 2746 poterunt
1371 2700 1617 2745 quomodolibet
1646 2701 1677 2735 in
1702 2701 1791 2738 futu-
