2253 3195
14 625 19 639 ι.

71 265 120 291 Αη.
137 264 166 291 C.
186 263 254 290 1509

83 592 196 618 Deputatio
207 596 253 621 exv>

87 622 182 639 uutorum
199 624 254 638 etus-

87 653 117 666 uui
133 646 209 666 bullae.

95 1496 205 1526 Clau-«ulae
223 1496 257 1516 ‹te-

75 1525 204 1549 rogator-iae.

875 263 1021 288 CLEMENS
1042 262 1099 287 VIII
1121 262 1170 287 PI‘.

267 311 387 355 pretari
409 311 537 345 debere.
562 311 689 345 Irritum
713 322 841 355 quoque
863 318 890 344 et
916 312 1009 344 inane.

267 364 422 408 ququuid
450 376 540 398 secus
571 376 668 409 super
698 365 747 398 liis
772 376 788 398 a
820 376 1006 408 quoquam,

268 417 378 461 quavis
399 419 600 458 auctoritate,
624 419 761 451 scienter
782 418 828 450 vot
853 418 1007 459 ignoran-

269 477 327 511 ter,
356 473 526 514 contigerit
548 473 709 505 attentari.

314 526 329 567 ἓ
351 524 403 558 39.
434 527 476 558 Ac
500 527 689 558 mandantes
715 526 865 558 omnibus
894 531 923 558 et
945 526 1010 557 sin—

269 579 351 621 gulis
374 579 471 612 totius
492 579 597 612 Status
617 579 828 612 Ecclesiastiei
855 579 1009 622 praedicti

270 632 510 673 eommissariis,
535 632 816 674 gubernatorilms,
840 631 1008 674 potestati-

269 686 347 725 bus,
375 691 406 718 et
433 696 544 719 eorum
576 685 848 724 loeatenentilms,
880 684 1007 726 legatis,

269 739 462 781 vicelegatis,
490 750 616 772 necnon
643 739 879 772 venerabilibus
901 738 1007 771 fratri-

269 792 328 825 bus
360 792 478 825 nostris
507 792 758 836 archiepiscopis
779 798 809 824 et
840 791 1007 835 episcopis,

270 856 306 878 ac
327 845 452 878 dilectis
481 845 555 878 siliis
576 856 687 879 eorum
710 845 836 878 vicariis
854 845 884 877 in
920 844 1011 888 spiri-

270 899 409 931 tualibus
430 899 644 941 generalibus,
666 909 702 931 ac
723 899 792 931 aliis
811 897 1008 931 iurisdictio-

270 963 344 985 nem
356 953 577 985 exercentibus
595 953 865 996 quibuscumque,
883 958 917 984 ut
933 962 1012 995 quo-

270 1006 329 1038 ties
342 1017 438 1050 super
451 1006 511 1039 boc
526 1006 644 1039 suerint
657 1006 814 1049 requisiti,
826 1005 1009 1044 sententia&

271 1059 411 1099 decreta,
426 1065 554 1099 statuta,
569 1066 746 1103 sequestra,
764 1059 925 1099 mandata,
941 1069 1013 1091 exe-

271 1112 470 1156 quutoriales
496 1113 628 1153 litteras,
652 1112 905 1151 remissoriales,
930 1111 1009 1144 cita-

271 1166 375 1199 tiones
396 1172 426 1199 et
443 1166 521 1199 alias
539 1177 556 1198 a
574 1166 659 1199 dicta
682 1166 763 1199 Rota
784 1171 813 1198 et
835 1165 902 1198 eius
923 1164 1014 1197 audi-

272 1219 396 1252 toribus
413 1220 594 1252 emananda
608 1229 666 1262 pro
687 1224 843 1262 tempore,
863 1218 1013 1251 omnibus

272 1273 462 1316 opportunis
483 1272 634 1305 remediis
655 1271 860 1316 exequutioni
883 1272 1013 1304 deman-

273 1326 341 1359 dari
360 1326 478 1359 saciant
500 1326 630 1358 realiter
644 1331 759 1358 etcum
774 1326 900 1364 effectu,
917 1331 1011 1368 prout

273 1391 354 1424 opus
375 1381 482 1420 fuerit,
507 1386 537 1414 et
558 1381 602 1413 eis
627 1380 835 1413 commissum
862 1379 1010 1413 extiterit.

318 1435 333 1477 ᾗ
353 1433 406 1467 40.
430 1434 499 1467 Non
517 1435 719 1467 obstantibus
733 1433 1015 1467 constitutionilms

274 1493 304 1521 et
322 1488 578 1521 ordinationibus
599 1488 794 1531 apostolicis,
819 1494 848 1520 et
872 1497 1016 1530 praeser-

274 1541 330 1574 tim
351 1541 553 1575 facultatibus
574 1541 690 1574 dilecto
712 1541 778 1573 filio
802 1541 914 1574 Curiae
935 1551 1012 1572 cau-

274 1606 381 1628 sarum
403 1595 554 1629 Gamerae
575 1595 778 1638 Apostolicac
803 1594 944 1636 generali
959 1604 1015 1626 au-

274 1649 370 1682 ditori
391 1649 551 1682 concessis
566 1676 573 1689 ,
596 1660 632 1681 ac
652 1649 837 1692 supradicta
864 1648 1016 1681 constitu-

273 1702 360 1735 tione
380 1702 634 1741 Aldobrandina,
658 1711 786 1734 necnon
807 1701 950 1733 eiusdem
973 1700 1014 1733 ei-

272 1755 378 1788 vitatis
398 1754 610 1788 Fe'rrariensis
631 1766 668 1787 ac
688 1755 823 1787 aliarum
837 1754 1012 1792 civitatum,

274 1813 432 1841 terrarum
459 1814 490 1841 et
510 1809 656 1841 locorum
692 1807 850 1851 praedicti
882 1807 1016 1839 ducatus

274 1861 488 1895 Ferrariensis
509 1862 606 1895 etiam
628 1862 822 1901 iuramento,
844 1860 1017 1894 confirma-

277 1915 363 1948 tione
383 1916 570 1959 apostolica,
584 1916 632 1948 vel
653 1915 764 1959 quavis
785 1915 936 1947 firmitate
955 1913 1017 1946 alia

276 1969 454 2010 roboratis,
488 1969 612 2002 statutis
638 1975 668 2002 et
705 1968 1013 2006 consuetmtinibus,

276 2021 400 2064 legibus
429 2022 525 2055 etiam
558 2022 827 2065 nninieipalibuS,
857 2022 967 2054 usibus
988 2027 1016 2053 et

276 2075 411 2115 naturis,
439 2076 613 2119 privilegiis
648 2086 799 2119 quoque,
830 2075 961 2108 indultis
988 2080 1019 2107 et

277 2129 390 2161 litteris
414 2129 598 2172 apostolicis
627 2129 723 2161 etiam
745 2128 865 2161 eisdem
890 2128 1019 2171 provin-

278 2182 358 2223 ciae,
379 2182 574 2222 civitatibus,
598 2182 736 2226 oppidis,
767 2181 871 2221 terris,
895 2182 1016 2221 castris,

277 2236 359 2269 villis
373 2242 404 2269 et
422 2236 510 2276 locis,
525 2246 702 2278 eorumque
720 2235 1016 2275 communitatibus,

277 2289 549 2329 universssatilms,
578 2288 871 2328 iurisdictionibus,
904 2288 1020 2330 guber-

278 2345 466 2385 natoribus,
498 2344 720 2389 potestatibus,
749 2343 962 2382 officialibus,
991 2348 1021 2375 et

228 2423 234 2431 .
279 2398 392 2431 incolis
419 2405 449 2431 et
476 2398 644 2442 personis,
679 2397 738 2430 sub
764 2397 1021 2440 quilmscumque

280 2452 445 2485 tenoribus
470 2457 501 2485 et
529 2452 663 2491 formis,
694 2462 731 2484 ac
755 2462 827 2484 cum
856 2450 1021 2494 quibusvis

280 2505 431 2538 clausulis
451 2510 481 2537 et
495 2505 633 2538 decretis
647 2504 678 2537 in
693 2503 892 2537 contrarium
914 2504 1020 2536 forsan

280 2558 525 2602 quomodolibet
555 2558 734 2597 concessis,
759 2557 960 2590 confirmatis
993 2563 1022 2590 et

280 2611 449 2644 innovatis.
484 2611 606 2650 Quibus
633 2611 784 2644 omnibus
803 2638 810 2651 ,
838 2609 962 2643 etiamsi
983 2610 1022 2643 dc

282 2663 343 2698 illis
364 2675 543 2709 eorumque
575 2665 647 2698 totis
669 2664 833 2697 tenoribus
854 2663 1019 2708 specialis,

1044 312 1401 356 speeificaetexpressa,
1422 322 1486 345 non
1504 317 1610 345 autem
1632 312 1787 355 perclau-

1045 366 1129 398 sulas
1143 367 1308 407 generales
1320 366 1403 399 idem
1420 366 1630 410 importantes
1652 366 1783 405 mentio,

1045 429 1100 451 seu
1121 419 1249 462 quaevis
1263 419 1325 452 alia
1338 420 1499 463 expressio
1512 421 1552 452 ad
1573 420 1633 453 boc
1653 430 1784 452 servan-

1047 472 1085 504 da
1108 473 1199 511 soret,
1224 484 1337 505 crurum
1360 473 1503 506 onmium
1526 479 1554 505 et
1586 473 1786 515 singulorum

1048 531 1183 565 tenores,
1208 537 1244 558 ac
1272 527 1296 558 si
1325 527 1363 559 de
1384 527 1482 559 verbo
1507 527 1546 559 ad
1575 527 1707 559 verbum
1734 538 1787 559 cx-

1047 578 1264 620 primerentur
1278 586 1305 612 et
1322 580 1552 619 insererentur,
1567 581 1789 623 praesentibus

1048 642 1104 674 pro
1125 632 1321 666 sufficienter
1342 634 1498 677 expressis
1519 640 1549 667 et
1570 634 1697 667 insertis
1726 634 1785 667 ha-

1047 685 1168 725 bentes,
1194 686 1256 719 illis
1278 687 1355 719 alias
1368 687 1399 719 in
1420 698 1478 720 suo
1502 688 1618 720 robore
1639 698 1789 731 perman-

1046 738 1150 777 suris,
1179 739 1238 772 liac
1260 739 1325 772 vice
1347 740 1528 779 dumtaxat,
1552 741 1665 774 barum
1688 741 1785 781 serie,

1046 792 1229 834 specialiter
1250 799 1276 825 et
1301 804 1459 836 expresse,
1484 801 1584 834 motu,
1605 795 1738 827 seientia
1760 801 1790 828 et

1047 845 1212 887 potestatis
1238 847 1440 889 plenitudine
1470 847 1623 890 paribus,
1648 849 1786 890 deroga-

1048 908 1118 930 mus
1138 905 1166 931 et
1186 899 1375 941 derogatum
1403 912 1469 933 esse
1491 902 1637 934 volumus
1654 929 1659 939 ,
1684 908 1789 935 caete-

1050 951 1155 994 risque
1176 953 1346 986 contrariis
1365 954 1635 998 (ptilnisrumque.

1092 1005 1204 1038 Datum
1220 1007 1341 1039 Romae
1363 1009 1447 1051 apud
1473 1008 1491 1041 S
1512 1009 1640 1042 Petrum
1656 1010 1714 1042 sub
1732 1021 1789 1042 an-

1048 1059 1125 1091 nulo
1156 1059 1347 1100 Piscator-is,
1378 1061 1428 1094 die
1458 1073 1532 1096 xxix
1554 1063 1629 1095 maii
1656 1074 1788 1104 nnxfflx,

1048 1112 1255 1154 pontificatus
1284 1115 1383 1147 nostri
1412 1126 1496 1148 anno
1518 1122 1641 1149 octavo.

1086 1175 1142 1202 Dat.
1165 1175 1208 1202 die
1223 1176 1257 1203 25»
1278 1177 1340 1203 maii
1361 1178 1436 1213 1599,
1454 1179 1547 1214 pontis.
1565 1188 1608 1206 an.
1626 1187 1683 1207 vni.

1371 1350 1465 1384 CCIX.

1051 1445 1249 1478 Mones-teria
1262 1447 1458 1480 monialium
1479 1448 1621 1481 civitatis
1634 1448 1793 1482 Semnum

1095 1507 1304 1540 immediatae
1321 1509 1557 1552 archiepiscopi
1570 1510 1796 1543 iurisdictioni

1094 1571 1347 1605 subiiciuntur¹.

1086 1652 1255 1679 Venerabili
1276 1653 1362 1680 fratri
1385 1653 1612 1688 arch'episcopo
1633 1655 1760 1682 Senensi

1243 1719 1399 1750 Clemens
1413 1721 1507 1761 Papa
1521 1721 1614 1751 vm.

1268 1789 1453 1816 Venerabilis
1473 1790 1577 1822 frater,

1088 1843 1219 1869 salutem
1242 1846 1273 1869 et
1296 1844 1492 1877 apostolicam
1511 1844 1758 1872 benedictionem.

1097 1913 1111 1956 g
1133 1913 1162 1946 l.
1187 1914 1275 1948 Cum.
1297 1914 1378 1947 sicut
1399 1915 1599 1959 accepimus,
1624 1915 1696 1948 lIcet
1718 1915 1796 1948 alias

1053 1967 1152 2000 felicis
1174 1968 1406 2001 reeordationis
1426 1969 1500 2001 Pius
1527 1969 1612 2012 Papa
1637 1970 1673 2009 ΙΙ,
1702 1980 1795 2012 prae—

1053 2021 1201 2054 decessor
1228 2028 1356 2059 noster.
1393 2022 1525 2065 cupiens
1554 2029 1586 2054 ut
1618 2022 1738 2065 ubique
1764 2023 1796 2055 in

1053 2075 1310 2118 praeclarissima
1322 2075 1446 2108 civitate
1460 2076 1592 2108 Senensi
1608 2076 1795 2108 monialium

1056 2128 1250 2160 monasteria
1274 2128 1332 2161 sub
1363 2128 1415 2161 tali
1447 2129 1545 2161 ductu
1575 2134 1605 2160 et
1639 2128 1796 2169 gubernio

1055 2187 1301 2225 protegerentur
1332 2188 1361 2214 et
1388 2182 1649 2221 custodirentur,
1678 2188 1709 2214 ut
1733 2193 1796 2215 non

1057 2236 1152 2268 modo
1170 2236 1331 2275 seandala,
1344 2236 1399 2268 sed
1418 2246 1522 2278 neque
1546 2236 1640 2267 etiam
1662 2236 1797 2268 scanda-

1057 2289 1161 2321 lorum
1184 2295 1288 2321 motus
1311 2289 1383 2321 inde
1402 2294 1532 2332 possent,
1553 2289 1797 2332 quomodolibet

1055 2342 1206 2381 suboriri,
1224 2348 1321 2385 utque
1341 2342 1426 2374 ineis
1444 2353 1517 2374 vera
1539 2342 1651 2383 religio
1663 2342 1794 2383 vigeret,

1056 2401 1087 2428 et
1106 2395 1282 2428 honestatis
1300 2406 1335 2428 ac
1358 2395 1547 2438 prudentiae
1568 2396 1721 2438 splendor
1731 2396 1798 2428 eni-

1058 2455 1148 2489 teret,
1170 2460 1234 2482 non
1255 2449 1322 2481 sine
1345 2449 1467 2491 magnis
1489 2454 1518 2481 et
1539 2448 1730 2490 urgentibus
1747 2460 1797 2481 ra-

1058 2502 1198 2535 tionibus
1227 2509 1322 2545 atque
1349 2502 1453 2535 causis
1478 2502 1620 2535 animum
1643 2513 1736 2535 suum
1759 2503 1798 2535 ad

1059 2556 1088 2588 id
1118 2561 1193 2588 tunc
1218 2555 1441 2595 moventibus,
1466 2555 1576 2588 omnia
1608 2561 1639 2588 et
1674 2555 1800 2598 singula

1059 2608 1253 2642 monasteria
1276 2615 1339 2642 tam
1359 2609 1442 2642 intus
1461 2620 1556 2653 quam
1579 2614 1667 2642 extra
1689 2620 1799 2642 muros

1095 2675 1105 2699 rl
1126 2672 1161 2699 Ex
1186 2672 1291 2707 negt-si.
1310 2672 1336 2698 in
1353 2672 1454 2699 secret.
1478 2671 1611 2699 Brevium.

1804 262 1855 289 Αη.
1872 262 1899 289 C.
1918 262 1986 290 1599

1838 1922 1965 1943 Monam—m
1976 1928 1997 1940 n-

1812 1956 1867 1970 nnua
1882 1949 1939 1969 urbis
1959 1949 1997 1969 Se-

1811 1977 1881 1996 nensis
1891 1975 1997 2000 art-triept-

1812 2008 1877 2027 seupo
1906 2004 1998 2022 subiecit

1813 2030 1861 2050 l¹ius
1869 2030 1893 2051 11.
