2253 3195
459 248 525 282 942

1015 255 1192 281 BI‘LLARIUM
1216 257 1367 281 ROMANUM

523 318 664 354 lanensis
697 318 873 359 dioecesis,
902 318 935 351 in
960 317 1060 351 Indiis
1085 300 1179 351 Occi·
1215 316 1347 352 CLVIII.
1371 317 1589 352 Committitur
1608 317 1773 352 collectori
1794 319 1962 361 Portugal-

525 372 722 412 dentalibus,
746 371 821 405 326.

435 445 507 480 CLI.
532 444 722 487 Collegiales
750 443 877 487 collegii
908 444 1110 478 medicorum
1131 443 1179 477 ei-

524 497 630 531 vitatis
660 497 908 531 Mediolanensis
941 503 1092 531 creantur
1121 510 1178 532 co-

525 551 619 584 mites
650 550 784 594 palatini
816 556 847 584 et
876 553 1015 584 Auratae
1049 551 1182 585 militiae

525 604 662 648 equites,
685 603 760 638 336.

435 676 523 710 CLII.
547 676 738 710 Commissio
763 676 1010 721 archiepiscopo
1037 677 1180 711 Valenti-

523 729 615 763 nensi
635 735 666 763 et
686 729 845 774 episcopis
864 731 1066 772 Dertusensi,
1087 731 1184 773 Sego-
1213 758 1216 764 .

527 783 668 817 hricensi
700 789 732 817 ct
762 783 920 817 Oriolensi
950 784 1096 827 erigendi
1129 786 1185 818 do-

527 837 682 881 tandique
703 837 885 881 parochias,
900 837 931 870 in
950 838 1067 882 quihus
1086 838 1185 872 Mauri

526 890 567 923 ad
587 890 796 924 christianam
814 891 912 924 fidem
934 892 1079 925 conversi
1098 902 1187 925 com-

528 949 707 986 morantur,
736 945 963 989 reserendique
983 946 1187 990 Apostolicae

528 997 604 1031 Sedi
625 1008 683 1042 pro
704 1009 814 1032 rerum
832 1005 995 1042 gestarum
1015 1000 1188 1033 confirma-

531 1051 617 1085 tione
642 1052 832 1095 obtinenda,
855 1052 930 1087 3:37.

440 1121 542 1156 CLIII.
567 1124 692 1157 Erectio
713 1124 830 1158 domus
853 1125 893 1158 ad
915 1125 1083 1159 ecclesiam
1108 1126 1188 1160 San-

530 1183 599 1210 ctae
635 1178 751 1212 Mariae
784 1179 824 1212 de
859 1179 952 1213 Scala
988 1179 1021 1212 in
1056 1180 1188 1222 regione

530 1231 769 1276 Transtyberim
792 1232 831 1265 de
851 1232 936 1266 Urbe
956 1243 1016 1277 pro
1037 1233 1189 1267 fratribus

532 1283 711 1318 Carmelitis
727 1285 933 1320 Discalceatis
953 1287 1085 1328 ltaliae;
1106 1298 1190 1331 quae

531 1338 664 1382 quidem
695 1338 812 1373 domus
841 1350 906 1373 una
936 1351 1009 1374 cum
1030 1347 1191 1375 conventu

531 1390 570 1429 S.
586 1392 698 1425 Annae
718 1397 750 1425 et
776 1393 973 1426 monasterio
998 1394 1190 1428 monialium

533 1445 741 1479 lanuensium
762 1445 993 1489 disiunguntur
1012 1457 1030 1480 a
1047 1447 1186 1490 Congre-

533 1498 663 1542 gatione
683 1500 859 1544 Hispanica
883 1501 1028 1535 eiusdem
1049 1501 1189 1543 Ordinis,

535 1558 566 1586 et
579 1553 767 1587 immediate
778 1554 924 1588 Romano
934 1554 1082 1589 Pontifici
1093 1555 1193 1589 subii-

534 1608 675 1649 ‹·i1mtur‚
696 1608 772 1643 3:38.

446 1669 547 1704 CLIV.
560 1671 729 1705 Concessio
743 1672 898 1706 ecclesiae
912 1673 1102 1707 Sanctorum
1112 1673 1195 1713 Qua-

535 1725 683 1768 draginta
714 1725 886 1771 Martyrum
920 1727 960 1760 de
984 1727 1071 1761 Urbe
1092 1727 1195 1761 inre-

535 1777 632 1821 gione
654 1779 770 1813 I‘ineae
788 1780 1042 1814 confraternitati
1058 1780 1196 1824 Stigma-

538 1837 605 1865 tum
631 1832 731 1866 sancti
755 1833 926 1875 Francisci,
949 1832 1024 1867 34⁸2.

447 1903 532 1937 CLV.
556 1905 738 1938 Declaratio
769 1905 981 1950 paragraphi:
1019 1906 1084 1947 Qui
1111 1917 1193 1947 vero,

537 1969 607 2002 cap.
631 1969 678 2000 vi,
701 1965 778 1992 sect.
808 1970 886 2000 xxv,
910 1960 956 1993 De
975 1960 1193 2004 Resormatio-

537 2022 586 2052 ne,
604 2023 662 2057 pro
673 2013 820 2057 Capitulo
837 2013 991 2047 ecclesiae
1003 2014 1194 2049 Corduben-

538 2066 591 2106 sis,
614 2066 689 2100 344.

449 2128 549 2162 (ILVl.
566 2129 776 2163 Confirmatio
797 2130 917 2164 decreti
931 2130 1197 2173 Congregationis

538 2183 669 2217 Concilii
691 2190 722 2217 et
747 2184 889 2228 episcopi
911 2185 1114 2218 Cassanensis
1138 2196 1194 2218 su-

540 2249 598 2282 per
618 2238 807 2272 reductione
831 2238 1035 2272 sacerdotum
1061 2238 1196 2283 Capituli

541 2291 642 2324 sancti
664 2291 777 2325 Iuliani
799 2292 838 2325 ‹le
865 2297 969 2325 castro
992 2291 1109 2326 Vitiare
1127 2292 1198 2327 Cas-

539 2345 686 2379 sanensis
707 2345 874 2387 dioecesis,
896 2345 971 2379 345.

452 2415 567 2449 CLVII.
596 2416 754 2450 Statuitur
775 2426 896 2461 poenas
917 2416 1151 2450 maleficiorum
1167 2416 1198 2449 in

541 2470 668 2503 civitate
690 2470 883 2504 Bononiensi
905 2470 1114 2515 deponendas
1131 2480 1199 2504 esse

544 2530 666 2558 tantum
693 2535 791 2568 penes
811 2524 1026 2569 depositarios
1047 2524 1120 2557 ltev.
1145 2524 1199 2556 Ca-

543 2589 651 2610 nwrae
672 2577 887 2621 Apostolicae,
901 2577 955 2621 qui
971 2577 1124 2621 pecunias
1137 2576 1200 2610 sol-

544 2636 617 2663 vant
637 2631 813 2675 descriptas
843 2631 873 2664 in
907 2631 1024 2665 tabella
1040 2627 1131 2675 'quae
1153 2630 1200 2663 in-

543 2683 673 2723 seritur,
700 2683 774 2717 atti.

1303 371 1366 404 liae
1383 376 1419 404 ut
1438 371 1610 405 confirmet
1627 371 1835 405 concordiam
1849 371 1960 410 initam

1305 424 1390 458 inter
1408 425 1594 469 Philippum
1615 435 1727 468 regem
1757 430 1788 458 et
1819 425 1961 468 Congre-

1303 478 1466 522 gationem
1487 479 1603 512 Beatae
1623 478 1741 512 Mariae
1761 479 1802 512 de
1821 478 1962 513 Alcoba-

1304 533 1359 574 tia,
1382 532 1511 567 Ordinis
1530 531 1768 574 Cisterciensis‚
1791 533 1963 575 Portugal-

1303 587 1388 627 liae,
1423 591 1454 620 et
1487 585 1676 630 praesertim
1713 586 1962 629 assignationem

1304 640 1469 685 pensionis
1494 645 1669 685 perpetuae
1697 651 1717 674 n
1747 640 1964 674 cruciatorum

1306 695 1450 739 capellae
1484 694 1593 738 regiae
1627 693 1834 728 Ulixbonensi
1869 705 1967 738 super

1306 748 1465 781 fructibus
1496 748 1713 792 quorumdam
1745 747 1962 781 monasterio-

1309 812 1382 836 rum
1401 801 1546 835 eiusdem
1572 800 1848 845 Congregationis‚
1868 799 1944 835 348.

1220 873 1323 908 CLIX.
1347 873 1503 907 Prohibet
1531 873 1706 917 quominus
1734 872 1846 917 aliquo
1874 872 1968 906 titulo

1309 926 1453 970 insigniti
1477 926 1602 970 possint
1626 926 1701 969 eligi
1730 926 1770 959 ad
1799 925 1969 968 magistra-

1311 986 1377 1014 tum
1415 985 1446 1014 et
1477 980 1650 1022 dignitates
1685 978 1821 1014 civitatis
1856 979 1966 1013 Bono-

1311 1034 1443 1075 niensis,
1467 1032 1543 1067 3502.

1222 1095 1308 1131 CLX.
1343 1096 1552 1130 Confirmatio
1583 1095 1768 1129 donationis
1801 1094 1968 1129 cuiusdam

1311 1150 1410 1183 annui
1424 1150 1546 1184 reditus
1566 1149 1606 1183 ab
1627 1149 1779 1194 episcopo
1792 1149 1970 1192 Seguntino

1310 1203 1413 1237 sactae
1434 1203 1546 1237 domui
1564 1202 1741 1237 Matritensi
1760 1203 1819 1236 FF.
1843 1201 1972 1237 OrdInis

1312 1256 1538 1291 Sanctissimae
1549 1256 1714 1290 Trinitatis
1726 1255 1972 1300 Redemptionis

1313 1310 1519 1354 Captivorum
1538 1309 1724 1354 provinciae
1741 1309 1908 1351 Castellae,
1931 1309 1972 1343 ad

1314 1364 1464 1398 effectum
1496 1364 1578 1398 duos
1607 1364 1814 1408 presbyteros
1844 1363 1877 1397 in
1908 1373 1970 1408 op-

1314 1417 1392 1462 pido
1420 1417 1540 1460 Algerii
1571 1416 1785 1458 sustentandi,
1809 1427 1882 1450 cum
1903 1416 1974 1450 aliis

1316 1471 1560 1505 conditi0nibus
1595 1471 1636 1504 ab
1667 1471 1782 1505 eodem
1820 1469 1974 1515 episcopo

1315 1524 1483 1570 appositis,
1506 1524 1582 1558 355.

1228 1588 1331 1624 CLXI.
1355 1588 1490 1628 Quando
1519 1588 1550 1622 S.
1574 1588 1611 1622 R.
1636 1588 1669 1622 E.
1699 1587 1880 1622 cardinales
1905 1587 1975 1622 dia-

1318 1642 1402 1683 coni,
1412 1643 1451 1676 ad
1462 1642 1610 1676 ordinem
1623 1642 1863 1686 presbyteratus
1874 1646 1976 1675 trans-

1318 1703 1417 1737 eunt,
1452 1697 1560 1730 locum
1590 1695 1759 1730 obtineant
1794 1700 1868 1729 ante
1903 1694 1977 1728 illos

1319 1750 1499 1785 cardinales
1518 1750 1736 1795 presbyteros,
1751 1748 1807 1794 qui
1827 1754 1901 1794 post
1920 1759 1976 1783 eos

1319 1805 1360 1838 ad
1380 1804 1614 1838 cardinalatum
1645 1802 1801 1848 assumpti
1831 1803 1973 1844 suerunt,

1319 1857 1394 1893 364.

1231 1921 1347 1956 CLXII.
1371 1920 1454 1955 Unio
1486 1919 1668 1954 medietatis
1699 1920 1863 1953 fructuum
1884 1929 1976 1964 prae-

1320 1974 1484 2019 positurae
1509 1972 1665 2007 ecclesiae
1690 1971 1978 2006 Hildesheimensis

1321 2037 1452 2061 mensae
1478 2026 1678 2071 episcopali,
1702 2035 1777 2060 cum
1804 2025 1978 2060 confirma-

1321 2082 1406 2115 tione
1429 2081 1506 2114 iuris
1526 2080 1666 2123 eligendi
1686 2079 1906 2125 praepositum
1921 2079 1979 2115 Ca-

1320 2135 1423 2180 pitulo
1438 2162 1445 2175 ,
1469 2139 1627 2179 quatenus
1648 2133 1692 2166 illi
1718 2137 1902 2178 competat,
1930 2133 1978 2167 vel

1320 2189 1544 2223 arcedatnova
1564 2187 1749 2228 concessio;
1769 2187 1825 2232 qui
1845 2187 1977 2232 quidem

1321 2245 1441 2279 electus
1465 2255 1483 2277 a
1503 2243 1586 2277 Sede
1611 2241 1796 2287 Apostolica
1820 2241 1980 2286 provisio-

1320 2308 1395 2332 nem
1416 2297 1499 2330 intra
1516 2307 1572 2330 sex
1599 2306 1725 2329 menses
1751 2295 1867 2329 debeat
1897 2294 1981 2329 obti-

1321 2362 1410 2393 nere,
1434 2350 1510 2384 304.

1233 2415 1363 2451 CLXIII.
1387 2413 1605 2449 Committitur
1636 2411 1790 2457 episcopo
1819 2416 1982 2445 monaste-

1321 2467 1418 2502 riensi
1451 2473 1486 2501 ut
1512 2466 1739 2500 canonicatum
1767 2470 1798 2499 et
1822 2464 1982 2509 praeben-

1323 2522 1396 2556 dam
1418 2519 1607 2563 collegiatae
1625 2518 1780 2553 ecclesiae
1792 2518 1822 2553 S.
1842 2517 1980 2552 Mauritii

1323 2581 1411 2610 extra
1429 2584 1540 2608 muros
1553 2572 1824 2607 monasterienses
1834 2576 1982 2606 vacantes

1323 2627 1516 2673 supprimat,
1547 2632 1578 2660 et
1598 2625 1688 2660 uniat
1708 2624 1878 2660 decanatui
1899 2623 1982 2659 eius-

1324 2682 1397 2717 dem
1418 2679 1584 2722 ecclesiae,
1607 2678 1682 2714 367.
