2253 3195
48 202 95 228 An.
115 203 144 229 [Ξ.
166 201 230 227 1:293

861 199 1008 223 CLEMENS
1031 200 1084 222 t'ltt
1108 200 1156 223 Pr.

247 255 318 281 nata
340 254 367 281 ct
391 249 519 281 decreta
538 254 621 286 sunt.
643 259 735 281 suum
758 248 900 281 debitum
921 258 989 281 sor-

248 302 365 335 tiantur
386 303 546 335 etlicuuu.

1706 190 1741 222 tu

1024 258 1098 280 uam
1112 247 1226 280 horam
1239 248 1346 289 eliger.
1364 247 1450 280 verbi
1465 248 1577 288 gratia,
1595 247 1618 280 si
1639 248 1767 281 missam

1023 302 1201 335 solemnem
1234 301 1265 333 in
1298 300 1407 344 aliquo
1437 301 1488 334 die
1521 303 1600 333 l'cstu
1626 302 1665 334 sit
1685 303 1768 335 ccle-

1789 201 1835 226 Λιι.
1855 202 1882 226 (1,
1906 201 1969 228 t5tttt

293 362 309 398 ξ
336 356 360 388 l.
386 356 510 389 Dudum
532 355 690 399 siquidem
713 355 929 388 cardinalibus
943 354 989 387 di-

249 415 316 443 ctae
334 409 595 451 tlongrcgationis
616 419 674 452 pro
692 414 781 452 parte
799 407 989 441 venerabilis
1005 416 1007 452 ζ
1023 407 1135 447 uitam,
1167 415 1338 451 antequam
1366 408 1471 441 Tertia
1491 408 1661 441 inchoetur
1683 436 1689 445 ,

251 463 354 496 t'ratris
371 463 559 500 Sebastiam,
584 462 730 496 moderni
761 461 901 505 episcopi
918 489 924 501 ‚
960 467 988 494 et
1005 458 1007 497 ζ
1022 460 1191 494 ecclesiam
1210 462 1363 494 accedere
1389 462 1518 505 poterit,
1543 472 1607 505 quo
1626 472 1702 494 casu
1722 462 1768 494 di-

250 517 439 550 dilectorum
466 517 606 549 tiliorum
633 515 767 559 Capituli
788 515 985 552 Oxomcnsis,
1006 514 1169 556 unitates,
1194 516 1341 548 rationici
1363 516 1546 559 caeterique
1559 516 1764 560 capitulares,

249 570 414 603 coumumi
436 570 577 613 ipsorum
597 569 741 602 omnium
764 574 837 601 roto
863 575 891 601 et
914 579 989 601 con-
1005 566 1007 591 ἶ
1024 567 1129 601 statim
1159 575 1225 611 pest
1260 569 1400 601 Primam
1427 570 1644 613 completam,
1687 571 1769 602 sacto

247 635 353 660 sensu,
378 629 405 655 ct
426 623 464 656 ad
485 622 640 655 tollendas
654 632 766 655 omnes
786 621 990 665 quaestiones
1006 646 1007 664 ι
1025 621 1154 654 modico
1167 621 1241 653 inte:
1254 622 1346 658 vallo,
1365 622 1494 665 prodire
1509 623 1625 655 debent
1641 623 1766 656 oluiam

248 677 383 720 litesque
405 687 440 709 ac
462 675 716 712 controversias,
739 686 821 719 quae
842 675 926 708 circa
944 675 991 708 in-
1006 678 1007 683 ’
1024 674 1176 718 episcopo
1195 676 1234 708 ad
1256 675 1323 708 cius
1344 676 1540 716 cubiculum,
1565 688 1704 721 cumque
1730 678 1768 709 ad

247 730 413 773 trascripta
445 729 690 773 quomodolibet
728 729 804 762 oriri
837 734 986 773 possent,
1006 728 1192 781 2ecclesia1‘n
1215 729 1395 762 venientem
1417 730 1587 768 deducere,
1616 731 1771 774 quemad-

246 783 412 816 humiliter
443 783 658 826 supplicatum
695 783 751 816 t'uit
769 793 827 826 pro
849 783 991 816 declara·
1006 785 1008 823 ξ
1025 782 1159 815 niodum
1178 782 1246 826 ipsa
1266 783 1477 825 Congregatio
1493 784 1675 817 laciendum
1690 790 1768 817 essct

1024 355 1184 394 braturus,
1207 360 1282 387 tuuc
1303 360 1371 398 post
1394 355 1534 387 Primam
1558 355 1588 387 in
1610 355 1709 388 cboro
1731 355 1768 387 ti-

1729 409 1768 440 :til
1804 422 1953 443 llwtuiumiwu

1786 452 1900 473 petentium
1933 456 1970 475 pt»

1785 477 1862 495 ditum
1892 476 1969 497 uni-<us

1785 503 1912 523 distribuunt.

115 420 231 445 [pfl-cuituN

48 448 232 473 abuit-(zapuntnm

156 507 233 520 111111111

48 534 98 548 um«.
150 534 160 546 a
172 534 190 547 ιιι
201 533 233 546 ru>

47 555 114 575 tut-ica.
126 553 201 579 suppli*
211 561 232 573 .ι-

48 584 102 601 runt.

1006 825 1008 840 t

122 1379 232 1400 Deci-ctum

50 1408 143 1427 Sanctae
161 1434 165 1436 v
181 1406 233 1426 Cou-

49 1436 184 1461 negationis.

247 837 331 870 tione
340 847 398 881 per
411 837 558 870 eamdem
573 836 861 879 Congregationcm
874 837 988 870 t'acicn-
1006 847 1008 885 ,³

247 891 297 930 da,
319 889 512 933 quibusnam
541 890 743 934 potissimum
766 890 879 923 diebus
901 902 991 933 prae-

248 944 368 977 dictum
383 944 563 988 Capitulum
586 950 748 977 teneretur
764 955 823 988 pro
844 950 990 988 tempore

248 999 435 1032 existentem
465 998 650 1042 episcopum
671 998 895 1036 Oxomenseui,
925 997 1008 1049 tam}

248 1058 377 1085 euntem
391 1053 431 1085 ad
444 1052 612 1085 eeclesiam
627 1063 723 1096 quam
737 1052 776 1085 ab
788 1063 825 1086 ea
836 1053 989 1085 reccden-
1006 1055 1008 1094 ᾗ

249 1111 323 1143 tem,
362 1105 529 1139 comitari:
558 1106 770 1149 Congregatio
802 1103 1008 1150 praedicta,'

247 1160 538 1204 supplicationibus
551 1161 610 1193 sibi
629 1162 785 1204 porrectis
806 1161 989 1194 huiusmodi
1007 1170 1008 1183 ³

247 1213 430 1256 satisfacere
448 1214 591 1258 cupiens,
615 1213 754 1247 decrevit
768 1220 798 1247 et
818 1215 989 1248 declaravit
1007 1206 1008 1209 Ἴ

249 1267 279 1299 in
300 1267 397 1305 hune,
414 1267 468 1310 qui
481 1267 636 1310 sequitur,
661 1268 805 1307 modum,
822 1267 986 1301 videlicet:
1006 1265 1008 1280 ³

293 1322 309 1362 ἓ
332 1320 362 1353 12.
386 1321 596 1363 Congregatio
614 1321 785 1354 Sacrorum
800 1321 930 1354 Rituum
951 1322 990 1354 ad

249 1374 466 1417 supradictam
505 1374 692 1418 petitionem
728 1375 990 1418 respondendum

250 1427 383 1467 censuit,
406 1434 502 1472 prout
522 1434 552 1461 et
572 1428 649 1461 alias
672 1429 836 1462 decretum
858 1429 916 1461 suit
932 1439 991 1473 pro

250 1482 385 1515 ecclesia
401 1482 592 1525 Hispalensi,
615 1482 761 1516 videlicet
782 1495 786 1515 :
931 1478 933 1481 ’
1007 1484 1009 1512 ἰ

294 1534 479 1577 Dignitates‚
501 1535 673 1568 canonicos
693 1541 721 1568 et
740 1536 918 1579 Capitulum
938 1537 992 1570 de-

251 1588 327 1621 bere
344 1588 509 1627 accedere,
533 1588 587 1620 ubi
609 1588 778 1632 episcopus
799 1600 900 1633 cappa
938 1590 988 1622 in-

249 1640 359 1674 duitur
373 1668 380 1679 ‚
412 1647 444 1673 ut
464 1652 537 1674 euni
556 1642 595 1674 ad
616 1642 784 1675 ecclesiam
810 1643 991 1675 venientem
1008 1647 1009 1651 ’

250 1694 358 1728 debito
379 1705 451 1727 cum
473 1694 596 1727 honore
632 1696 843 1732 comitentur;
865 1697 897 1729 ιιι
920 1697 991 1730 red-

250 1747 317 1780 ditu
336 1747 432 1781 etiam
445 1748 563 1781 debere
574 1749 687 1781 saltem
706 1760 807 1793 usque
820 1750 860 1782 ad
874 1750 991 1783 ostium

250 1801 365 1834 domus
397 1801 500 1844 ipsum
533 1801 720 1845 episcopum
754 1802 932 1841 associare;
964 1804 990 1836 ei

250 1865 324 1888 vero
361 1855 509 1898 privatim
540 1855 700 1892 venienti.
740 1856 884 1890 videlicet
924 1857 992 1890 sine

251 1919 352 1952 cappa
375 1909 575 1952 pontificali,
609 1910 783 1943 nonnullos
819 1922 855 1942 ex
888 1910 992 1953 digni—

251 1962 367 1995 tatibus
387 1968 417 1995 et
441 1962 604 1995 canonicis
632 1963 672 1996 ad
693 1963 809 1996 ostium
839 1964 992 1997 ecclesiae

251 2025 431 2055 occurrere,
448 2020 479 2048 et
490 2015 522 2048 in
536 2015 664 2049 redditu
675 2016 826 2049 similiter
838 2028 939 2061 usque
953 2019 992 2051 ad

251 2067 368 2100 ostium
389 2068 540 2101 ecclesiae
568 2068 672 2112 ipsum
693 2069 839 2102 comitari
860 2071 988 2104 debere.

252 2120 445 2164 Episcopum
467 2126 572 2154 autem
598 2133 671 2155 cuni
693 2134 795 2167 cappa
814 2124 991 2168 pontificali

251 2175 290 2207 ad
313 2174 481 2207 ecelesiam
505 2185 728 2216 accessurum,
752 2183 784 2210 ut
805 2178 1009 2212 solemniter*

251 2228 401 2267 celebret,
418 2228 466 2261 vel
481 2234 515 2261 ut
532 2228 654 2262 assistat
677 2230 791 2264 divinis
811 2231 925 2264 officiis
939 2238 991 2265 aut

250 2282 470 2326 processioni,
503 2283 549 2315 vel
581 2288 613 2315 ut
645 2283 731 2316 aliud
757 2284 934 2328 quidquam
956 2297 992 2319 ex

251 2335 491 2380 pontificalibus
512 2343 668 2374 exerceat,
691 2348 805 2370 curare
826 2338 942 2372 debere
960 2346 995 2372 ut

250 2389 395 2433 Capitulo
413 2399 557 2432 congruo
580 2395 723 2434 tempore
738 2390 903 2425 intimetur
915 2393 993 2426 liora

251 2442 319 2475 eius
351 2453 496 2476 accessus
526 2444 565 2476 ad
597 2443 775 2485 ecclesiam,
809 2445 846 2478 ad
880 2445 941 2478 hoe
962 2452 992 2479 ut

251 2496 431 2540 Capitulum
463 2496 663 2540 praedictum
693 2498 864 2531 commode
893 2511 926 2532 se
955 2500 995 2532 ad

254 2550 321 2583 eius
341 2560 511 2584 occursum
539 2551 707 2594 accingere
736 2552 851 2595 possit:
895 2553 995 2586 idem-

253 2614 315 2648 que
336 2604 506 2648 episcopus
526 2606 771 2640 convenientem
790 2612 820 2640 et
840 2613 995 2651 opportu-

1026 837 1201 880 respondit.
1234 837 1377 880 Cumque
1408 837 1578 881 episeopus
1611 837 1640 870 ιιι
1663 839 1767 870 ecclc-

1025 890 1103 923 siam
1126 891 1257 929 venerit,
1289 890 1403 929 Tertia,
1428 901 1486 923 suo
1515 897 1659 935 tempore
1675 919 1682 927 ,
1718 891 1767 924 in-

1025 943 1171 976 choanda
1194 944 1263 981 erit,
1289 945 1373 977 iuxta
1401 944 1635 988 praescriptum
1657 945 1768 977 Ponti-

1026 997 1126 1030 ticalis
1141 998 1275 1031 Romani
1291 1010 1296 1035 ·,
1319 998 1415 1041 idque
1433 998 1566 1031 omnino
1588 998 1769 1032 faciendum

1025 1057 1082 1090 est,
1104 1061 1168 1084 non
1191 1052 1337 1084 obstante
1363 1062 1568 1095 quacumque
1599 1058 1770 1085 consuetu-

1025 1105 1100 1138 dine
1121 1105 1220 1149 ipsius
1240 1106 1375 1149 Capituli
1402 1107 1431 1138 in
1451 1106 1662 1139 contrarium.
1693 1107 1769 1140 Cum

1025 1159 1110 1193 enim
1132 1165 1241 1203 pastor
1262 1166 1407 1192 tencatur
1430 1160 1468 1192 ad
1490 1171 1580 1192 suam
1602 1161 1770 1193 ecclesiam

1026 1214 1201 1250 accedere,
1237 1219 1265 1246 et
1293 1226 1327 1245 cx
1354 1213 1421 1246 cius
1454 1214 1635 1258 praesentia
1673 1214 1770 1247 divini

1026 1267 1130 1300 cultus
1142 1273 1363 1308 augmentum,
1379 1267 1578 1311 ecclesiaque
1587 1267 1654 1310 ipsa
1665 1268 1771 1311 splen-

1026 1320 1138 1353 dorem
1163 1327 1191 1353 et
1227 1321 1378 1354 decorem
1407 1332 1470 1353 non
1504 1321 1666 1354 modicum
1690 1321 1771 1354 reci-

1025 1374 1102 1418 piat,
1119 1384 1184 1407 non
1199 1380 1242 1407 cst
1258 1375 1285 1407 ci
1300 1375 1484 1418 praebenda
1499 1374 1625 1408 occasio
1644 1375 1691 1407 vel
1707 1386 1771 1408 non

1007 1449 1009 1479 2
1026 1428 1200 1461 accedendi
1213 1437 1262 1466 (cx
1281 1439 1344 1471 quo
1358 1428 1466 1461 debita
1486 1440 1558 1461 cum
1581 1429 1727 1462 decentia
1740 1429 1772 1462 id

1027 1482 1131 1515 lacere
1146 1489 1296 1525 nequeat>
1311 1483 1357 1515 vel
1374 1483 1562 1516 indecenter
1582 1483 1767 1517 accedendi.

1027 1537 1159 1580 Insuper
1181 1536 1351 1569 declaravit
1380 1537 1467 1580 quod
1489 1538 1619 1580 quando
1648 1537 1771 1581 episco-

1026 1601 1097 1632 pus,
1114 1590 1204 1622 linita
1218 1590 1313 1622 missa
1326 1590 1372 1621 vel
1387 1589 1494 1633 aliqua
1510 1590 1589 1623 bora
1603 1591 1768 1629 canoniea,

1027 1649 1073 1676 est
1093 1644 1132 1676 ab
1154 1644 1507 1682 ccclesiadiscessurus,
1534 1644 1688 1688 tantisper
1702 1656 1770 1677 ces-

1008 1739 1009 1745 *
1027 1697 1162 1730 sandum
1183 1703 1229 1729 cst
1249 1710 1265 1729 a
1287 1698 1418 1740 reliquis
1439 1697 1526 1730 boris
1548 1698 1768 1734 decantandis,

1027 1760 1196 1794 quousqut¹
1228 1751 1420 1794 capuulares
1443 1752 1616 1783 abeuntem
1648 1751 1772 1795 episco-

1027 1814 1103 1848 pum
1136 1805 1290 1837 reduci-rc
1326 1805 1446 1847 possint
1469 1832 1474 1841 ,
1509 1811 1540 1837 ut
1564 1805 1594 1837 in
1620 1805 1772 1839 omnibus

1027 1867 1171 1899 congrua
1192 1857 1377 1890 obedientia
1398 1858 1541 1901 praelato
1563 1864 1592 1891 et
1625 1858 1770 1891 debitum

1008 1936 1010 1944 ,
1027 1911 1091 1944 Deo
1109 1911 1300 1954 obsequium
1322 1911 1485 1949 reddatur,
1503 1911 1556 1945 Cui
1577 1911 1771 1952 sacrificium

1028 1976 1099 1997 cum
1123 1964 1340 1997 inobedientia
1360 1975 1425 1997 non
1454 1965 1568 2008 placet.
1597 1965 1772 1998 Declaravit

1027 2025 1195 2062 praetcrea
1235 2019 1322 2062 quod
1352 2018 1377 2051 si
1410 2019 1571 2051 interdum
1608 2019 1774 2062 contingat

1022 2072 1237 2115 episcopum,
1273 2072 1320 2105 vcl
1341 2072 1559 2115 processione,
1595 2073 1642 2105 vel
1663 2072 1773 2116 aliqua

1007 2154 1008 2157 ,
1027 2126 1107 2159 liora
1127 2126 1282 2159 canonica
1297 2127 1440 2160 nondum
1456 2127 1557 2163 linita,
1576 2127 1665 2159 abire
1683 2138 1772 2160 com-

1027 2179 1102 2223 pelli
1123 2180 1163 2212 ob
1182 2180 1323 2223 aliquam
1354 2179 1401 2212 sui
1423 2180 1666 2219 necessitatem,
1699 2186 1773 2213 tuuc

1026 2243 1091 2265 non
1114 2244 1195 2276 opus
1216 2233 1274 2265 erit
1296 2239 1329 2265 ut
1351 2244 1463 2266 onmes
1482 2233 1674 2276 capitulares
1698 2245 1772 2267 cum

1028 2296 1065 2318 co
1087 2286 1263 2326 discedant,
1306 2288 1361 2320 scd
1394 2287 1469 2319 satis
1501 2287 1558 2319 erit
1585 2287 1608 2319 si
1632 2293 1773 2330 quatuor

1028 2339 1066 2371 de
1086 2339 1230 2382 Capitulo
1252 2350 1324 2372 eum
1350 2340 1482 2372 domum
1504 2340 1670 2377 reducant,
1695 2340 1771 2373 itaut

1029 2394 1226 2436 processioni
1259 2395 1306 2427 vcl
1337 2394 1450 2426 divinis
1482 2394 1594 2427 officiis
1630 2395 1770 2438 impedi-

1031 2453 1175 2479 mcntuni
1196 2454 1248 2480 aut
1280 2447 1531 2491 perturluttionis
1561 2448 1687 2481 occasio
1707 2459 1772 2481 non

1030 2500 1238 2543 praebeatur:
1275 2501 1420 2544 quamvis
1445 2501 1547 2539 llaec,
1579 2512 1661 2545 quae
1699 2513 1772 2535 raro

1031 2554 1202 2590 cvcuiuut,
1237 2554 1369 2586 minime
1410 2555 1646 2588 consideranda
1683 2556 1768 2592 sint.

1031 2619 1103 2640 cum
1130 2608 1232 2649 leges,
1265 2608 1350 2642 circa
1380 2621 1434 2649 ea,
1459 2620 1541 2652 quae
1573 2609 1773 2653 frequentius
