2253 3195
263 258 315 284 An.
333 256 362 284 c.
381 257 447 285 1602
493 224 560 281 864Ι

313 1383 451 1408 [nummum-es

267 1415 345 1430 causat·
362 1410 415 1430 intes
430 1415 451 1430 e-

266 1437 375 1462 pist-opum
387 1438 406 1456 et
417 1441 452 1455 ca-

267 1463 355 1493 pitulum
366 1489 370 1492 ῃ

267 1490 412 1510 iurisdictione
423 1495 452 1509 rtr-

268 1517 302 1536 uli
316 1518 335 1535 vt
348 1516 450 1536 criminali

267 1543 361 1568 agitatae
370 1543 451 1563 suu-rant

388 1468 452 1488 sup-‘i-

798 304 875 338 CCCI
881 331 887 337 .

465 412 676 454 Confirmatio
701 411 890 444 concordiae
918 412 1004 444 inter
1024 411 1210 455 episcopum

507 469 535 497 et
567 465 753 508 capitulum
790 465 1071 497 Bai-chinonenses
1106 465 1211 502 mitae

507 529 603 561 super
616 517 842 551 iem-isdz'co'one
856 518 948 551 civiti
960 522 988 550 et
1003 518 1176 550 cri'nn'nali'
1188 517 1206 550 ¹.

499 607 633 634 Clemens
649 607 818 642 episcopus,
834 614 941 634 servus
954 615 1109 635 servorum
1122 607 1186 641 Dei,

593 662 630 688 ad
649 664 826 695 perpetuam
840 661 882 689 rei
902 662 1084 689 memoriam.

510 732 552 765 Ex
573 731 682 765 debito
702 732 873 776 pastoralis
895 731 1007 772 officii,
1028 743 1092 776 quo
1117 732 1210 765 nobis

291 797 434 818 Prooemium.
465 785 620 818 dominici
641 785 747 828 gregis
768 796 846 819 cura
863 785 1036 819 commissa
1056 791 1113 826 est,
1126 786 1210 819 circa

465 839 691 872 universorum
732 839 993 873 christifidelium
1030 850 1143 883 pacem
1180 845 1211 873 et

465 893 732 937 tranquillitatem
769 893 913 926 sollicitis
949 893 1062 927 studiis
1100 894 1207 927 inten-

464 948 587 988 dentes,
603 958 641 980 ea
661 958 744 991 quae
765 948 850 981 inter
868 947 980 981 fideles
993 948 1092 992 ipsos,
1105 948 1212 981 subla-

465 1002 502 1034 tis
526 1001 702 1044 litigiorum
725 1001 932 1043 anfractibus,
952 1001 1127 1035 concordia
1149 1008 1211 1035 ter-

464 1055 585 1088 minata
612 1065 680 1088 esse
707 1049 886 1094 dicuntur,
902 1065 943 1088 ne
972 1055 1004 1088 in
1033 1055 1209 1089 recidivum

464 1108 680 1142 contentionis
707 1109 895 1152 scrupulum
927 1109 1131 1150 relabantur,
1154 1110 1210 1143 sed

464 1162 558 1194 firma
577 1167 734 1205 perpetuo
757 1167 787 1194 et
808 1161 931 1195 illibata
955 1162 1147 1206 persistant,
1170 1163 1209 1195 li-

463 1214 595 1255 benter,
619 1225 692 1247 cum
714 1225 732 1247 a
752 1215 846 1248 nobis
866 1215 1004 1259 petitur,
1032 1216 1210 1259 apostolico

465 1267 645 1301 munimine
667 1268 870 1302 roboramus.
1159 1306 1162 1309 ,

495 1321 525 1365 -ἓ
544 1321 575 1354 ¹1.
599 1321 681 1354 Sane
701 1331 760 1365 pro
781 1317 871 1365 parte
891 1322 1083 1355 venerabilis
1105 1323 1211 1356 fratris

466 1374 565 1408 nostri
580 1374 765 1418 ildephonsi
781 1375 923 1419 episcopi
945 1375 1211 1409 Bareliinonensis

467 1433 498 1460 et
517 1425 713 1460 ¹dilectorum
736 1427 877 1461 tiliorum
907 1428 1038 1471 capituli
1065 1433 1094 1461 et
1116 1438 1212 1462 cano-

467 1481 614 1514 nicorum
637 1480 796 1514 Ecclesiae
824 1481 1093 1515 Barcliinonensis
1120 1482 1212 1515 nobis

467 1544 570 1578 nuper
590 1533 731 1567 exhibita
757 1533 870 1577 petitio
898 1534 1100 1574 continebat,
1125 1536 1211 1579 quod

467 1587 527 1632 ipsi
548 1588 750 1622 attendentes
774 1588 944 1621 occasione
969 1589 1210 1633 quamplurium

467 1646 499 1674 et
518 1641 717 1674 diversarum
739 1641 843 1674 litium
872 1647 903 1675 et
923 1652 1109 1683 causarum,
1131 1653 1213 1686 quae

468 1694 552 1727 inter
583 1705 640 1738 pro
675 1701 821 1739 tempore
853 1695 1024 1729 existentes
1045 1696 1213 1741 episcopos

467 1748 743 1782 Barchinonenses
771 1759 808 1782 ac
829 1748 1005 1792 capitulum
1028 1756 1059 1783 ct
1079 1751 1211 1785 canoni-

467 1812 522 1835 cos
543 1802 646 1835 dictae
667 1802 828 1835 Ecclesiae
849 1813 907 1846 per
926 1803 1064 1847 spatium
1086 1810 1213 1848 septua-

467 1855 555 1898 ginta
575 1866 734 1888 annorum
764 1866 872 1889 coram
895 1855 1028 1889 dirersis
1053 1856 1213 1891 iudicibus

467 1908 498 1941 in
520 1909 664 1942 Romana
689 1909 802 1950 Curia,
822 1915 849 1942 et
882 1909 1073 1952 praesertim
1101 1911 1212 1944 Palatii

467 1962 641 2006 Apostolici
659 1973 827 1996 causarum
847 1963 1049 1997 auditoribus
1061 1964 1209 2007 agitatae,

467 2020 498 2048 et
518 2016 647 2048 demum
669 2016 708 2049 ad
730 2027 841 2059 preces
862 2016 1045 2050 charissimi
1068 2017 1098 2050 in
1120 2018 1212 2051 Cbri-

465 2075 515 2101 sto
540 2069 597 2101 tilii
631 2069 731 2102 nostri
766 2069 904 2113 Philippi
937 2071 1070 2104 secundi
1101 2071 1209 2115 llispa-

467 2122 594 2155 niarum
616 2122 700 2163 regis
721 2122 868 2156 catholici
891 2123 930 2156 ab
951 2124 1071 2157 eisdem
1100 2125 1213 2158 iudici-

469 2175 526 2207 bus
547 2181 718 2214 invocatae,
742 2182 773 2209 ct
805 2176 911 2209 bonae
943 2178 1120 2211 memoriae
1145 2178 1212 2211 Sci-

468 2228 555 2272 pioni
584 2229 781 2263 Lanccllotto
810 2230 972 2274 primum,
997 2237 1027 2264 ct
1047 2232 1209 2277 deinceps,

467 2293 505 2314 eo
526 2293 560 2315 ex
583 2283 732 2316 humanis
752 2284 891 2322 sublato,
916 2284 1041 2317 dilectis
1063 2285 1136 2319 liliis
1157 2297 1214 2320 no-

467 2336 540 2368 stris
560 2337 727 2370 ltoiuinico
749 2337 871 2370 l‘inello
895 2344 924 2372 ct
949 2339 1106 2372 Flaminio
1125 2340 1213 2374 Plato

468 2390 497 2421 S.
515 2389 549 2422 lt.
569 2390 600 2422 E.
621 2390 852 2430 cardinalibus,
877 2397 938 2424 tam
959 2393 998 2425 ad
1013 2393 1214 2426 concordan-

470 2442 544 2474 «lum
564 2454 661 2486 quam
684 2444 722 2476 ad
745 2444 959 2477 decidendum
974 2446 1212 2489 superium-isdi-

470 2495 575 2527 ctione
589 2496 672 2529 civili
694 2502 725 2529 ct
745 2497 918 2537 criminali,
940 2510 976 2532 ac
997 2499 1066 2531 aliis
1080 2499 1213 2533 diversis

472 2546 605 2587 inritans,
622 2549 957 2584 :ultiiinistrationibus
971 2558 1001 2585 ct
1014 2553 1212 2596 praetensio-

471 2601 564 2633 nibus
582 2602 741 2647 episcopi,
770 2605 901 2648 capituli
929 2611 958 2638 ct
980 2606 1211 2640 ‹zziitonicoruui

510 2664 516 2688 Ι
543 2662 577 2689 tin
601 2663 704 2698 iti-gesti
727 2665 751 2691 iu
768 2666 868 2693 semu-t.
887 2666 1019 2694 liverium.

1038 255 1222 281 BULLAmUM
1241 255 1396 281 ROMANUM

1244 304 1485 348 praedictorum
1500 314 1519 336 a
1530 303 1624 337 nohis
1637 304 1819 348 specialiter
1832 303 1984 338 commis-

1243 369 1277 392 sa
1294 359 1431 398 fuerant,
1448 368 1580 400 magnas
1597 368 1656 402 per
1671 363 1844 402 utramque
1859 364 1984 402 partem

1243 412 1454 455 pecuniarum
1477 423 1620 445 summas
1641 417 1849 456 consumptas
1869 411 1982 453 fuisse,

1245 471 1276 498 et
1297 466 1398 509 (quod
1423 465 1564 508 graviter
1587 465 1762 499 dolendum
1789 465 1854 508 est)
1878 464 1986 498 divina

1245 519 1366 559 officia,
1389 519 1620 563 publicamque
1644 525 1676 552 et
1695 519 1851 563 privatam
1873 528 1984 562 pacem

1246 577 1276 605 et
1295 572 1436 615 quictem
1460 567 1565 606 dictae
1584 572 1744 605 Ecclesiae
1763 572 1984 616 perturbatam

1245 635 1323 666 esse,
1338 636 1374 658 ac
1388 625 1420 658 in
1434 625 1501 659 dies
1514 625 1616 669 magis
1627 636 1663 659 ac
1678 625 1778 668 magis
1790 624 1984 668 perturbari,

1246 678 1277 711 in
1298 689 1451 722 magnum
1470 679 1569 712 divini
1588 679 1691 712 cultus
1709 679 1938 712 detrimentum
1957 683 1988 712 et

1245 732 1498 775 praeiudicium,
1529 743 1566 766 ae
1587 738 1649 766 tam
1672 732 1864 766 clericorum
1890 741 1987 775 quam

1245 785 1474 828 religiosorum
1493 797 1530 819 ae
1544 778 1700 820 laicorum
1714 785 1901 820 scandalum
1914 786 1987 830 plu-

1244 849 1402 872 rimorum
1418 851 1424 872 ς

1290 892 1357 935 §⁶2-
1381 894 1426 926 Ae
1450 894 1592 927 volentes
1623 893 1768 926 omnium
1801 893 1988 926 huiusmodi
2019 929 2023 933 ⁴

1245 946 1482 980 discordiarum
1511 947 1696 981 occasiones
1728 952 1913 991 amputare,
1943 946 1985 979 li-

1246 999 1390 1044 tiumque
1410 1005 1441 1033 et
1461 1000 1697 1034 dissensionum
1716 1001 1864 1034 flammas
1881 1006 1912 1033 et
1932 1010 1988 1033 an-

1245 1053 1364 1087 fractus
1379 1081 1386 1093 ,
1410 1065 1492 1097 quae
1521 1054 1637 1088 dubios
1668 1060 1700 1087 et
1725 1054 1832 1088 tristes
1858 1053 1990 1098 pariunt

1245 1112 1395 1147 eventus,
1419 1108 1623 1150 extinguere,
1646 1118 1704 1152 per
1723 1107 1898 1141 nonnullos
1918 1117 1990 1150 gra-

1245 1171 1297 1194 ves
1323 1167 1354 1194 et
1381 1161 1524 1195 eruditos
1550 1161 1635 1194 viros
1662 1161 1701 1194 ab
1732 1166 1870 1204 utraque
1898 1165 1990 1204 parte

1245 1214 1374 1255 eleetos,
1386 1215 1440 1258 qui
1455 1221 1578 1248 veteres
1588 1214 1845 1255 constitutiones,
1857 1219 1986 1254 statuta,

1245 1267 1422 1311 privilegia,
1446 1268 1647 1308 concordias,
1670 1267 1855 1308 sententias,
1878 1267 1991 1300 lauda-

1245 1321 1325 1354 biles
1346 1321 1610 1362 consuetudines,
1634 1321 1869 1364 antiquumque
1889 1326 1920 1354 ct.
1940 1330 1991 1353 or-

1246 1374 1391 1408 dinatum
1406 1375 1548 1408 eiusdem
1565 1374 1723 1408 Ecclesiae
1732 1379 1848 1408 statum
1864 1384 1992 1408 summa

1247 1428 1412 1473 diligentia
1443 1433 1723 1471 recognoverunt,
1759 1427 1845 1460 intus
1877 1427 1992 1460 domos

1247 1482 1440 1526 capitulares
1460 1481 1564 1515 dictae
1585 1482 1759 1522 Ecclesiae,
1783 1481 1839 1514 ubi
1863 1491 1923 1525 pro
1949 1480 1992 1514 si-

1247 1535 1378 1569 milibus
1397 1536 1521 1570 actibus
1542 1541 1572 1569 et
1596 1535 1738 1578 negociis
1759 1533 1993 1579 pertractandis

1247 1589 1417 1624 convocari
1437 1590 1558 1629 solent,
1582 1590 1622 1623 ad
1649 1599 1762 1622 sonum
1790 1598 1966 1633 campanae
1981 1615 1988 1629 ,

1247 1649 1277 1676 et
1302 1654 1359 1687 per
1390 1653 1596 1677 communem
1628 1642 1776 1676 nuntium
1793 1669 1800 1683 ‚
1827 1648 1863 1676 ut
1892 1641 1992 1676 moris

1247 1703 1313 1737 est,
1335 1698 1436 1731 vocati
1459 1703 1490 1731 et
1510 1697 1730 1741 capitulariter
1749 1695 1947 1739 congregati,
1974 1707 1992 1730 a

1248 1750 1356 1784 litibus
1373 1750 1558 1784 huiusmodi
1580 1751 1778 1791 recedentes,
1795 1749 1929 1793 illasque
1943 1759 1993 1782 re-

1248 1810 1396 1838 vocantes
1417 1810 1447 1838 et
1467 1805 1680 1845 annullantes,
1702 1803 1836 1847 iuraque
1853 1802 1993 1836 etactio-

1249 1867 1304 1891 nes
1323 1858 1383 1892 sibi
1416 1858 1552 1891 invicem
1582 1857 1801 1896 remittentes,
1825 1866 1885 1900 pro
1905 1856 1992 1890 bono

1249 1912 1335 1956 pacis
1352 1918 1383 1945 et
1402 1911 1606 1951 concordiae,
1619 1921 1656 1943 ae
1669 1910 1748 1943 alias
1767 1910 1807 1943 ad
1827 1909 1992 1943 infrascri-

1248 1971 1333 2009 ptam
1352 1965 1611 2003 conventionem,
1629 1963 1836 1997 concordiam
1855 1968 1887 1996 et
1906 1968 1992 1996 tran-

1246 2019 1443 2059 sactionem,
1478 2029 1536 2062 per
1560 2028 1658 2062 quam
1691 2017 1819 2062 aliqua,
1845 2027 1928 2061 quae
1961 2016 1992 2050 in

1247 2072 1366 2105 eisdem
1385 2071 1681 2110 constitutionibus,
1704 2069 1841 2111 statutis,
1861 2069 1992 2114 privile-

1247 2125 1318 2168 giis,
1343 2125 1536 2164 concordiis,
1557 2123 1723 2157 sententiis
1741 2129 1771 2157 et
1787 2122 1993 2156 consuetudi-

1249 2180 1343 2213 nibus
1367 2180 1453 2212 elara
1480 2188 1545 2212 non
1574 2184 1676 2219 erant,
1700 2183 1731 2211 et.
1756 2188 1816 2211 usu
1841 2176 1989 2210 deelara-

1249 2238 1333 2273 runt,
1357 2243 1421 2266 non
1455 2238 1562 2265 tamen
1595 2232 1751 2273 derogare
1786 2230 1993 2264 intenderunt

1247 2287 1424 2331 aliquibus,
1454 2296 1536 2330 quae
1556 2295 1620 2319 non
1647 2284 1989 2324 controvertebantm·,

1247 2341 1301 2373 sed
1317 2340 1369 2372 illa
1387 2339 1417 2372 in
1438 2339 1504 2372 suis
1524 2339 1641 2371 robore
1662 2343 1692 2371 et
1713 2337 1863 2371 firmitate
1884 2337 1993 2370 illaesa

1248 2403 1416 2426 remanere
1445 2393 1612 2425 voluerunt
1643 2397 1673 2424 et
1701 2389 1865 2435 protestati
1897 2395 1989 2430 sunt,

1247 2447 1306 2479 sub
1328 2452 1437 2480 nostro
1455 2451 1487 2479 et.
1504 2445 1595 2479 Sedis
1615 2445 1811 2489 apostolicae
1832 2443 1994 2487 benepla-

1248 2500 1323 2539 cito,
1349 2506 1511 2543 tamquam
1531 2500 1570 2532 de
1591 2510 1624 2531 re
1639 2498 1736 2532 dubia
1757 2503 1787 2531 et
1805 2497 1859 2530 lite
1874 2496 1993 2530 incerta

1249 2553 1331 2585 inter
1351 2563 1405 2585 cos
1426 2553 1622 2585 ‹temnet-uni
1640 2563 1645 2585 :

1292 2606 1352 2649 33.
1372 2605 1522 2639 Videlicet
1547 2605 1714 2650 inprimis,
1733 2603 1887 2649 quoniam
1908 2602 1993 2636 dicta
2021 2600 2153 2639 Coneqrdtss'

1248 2659 1385 2692 Ecclesia
1413 2659 1494 2692 sia-ut
1521 2659 1602 2692 alia·¹
1630 2657 1784 2692 ecclcsiae
1810 2656 1992 2701 provinciae

2000 254 2048 282 Λη.
2065 254 2093 283 C.
2182 237 2187 239 “
