2253 3195
8 239 74 270 Ἀη.
93 244 120 269 tt.
144 242 211 269 1506

10 342 11 373 i
54 352 146 374 Pretium
162 352 209 372 inde

10 379 12 388 *
28 380 134 401 reductum
143 378 210 399 credi-

28 406 108 426 toribus·
140 405 209 425 consi·

10 437 12 454 l
28 432 85 457 :uari
102 432 172 452 llis-iat.

14 935 15 942 ¹
50 933 209 958 Camer.Apost.

13 979 15 983 ,
28 959 83 981 inter
103 959 211 980 oblatores

28 985 157 1007 admittatur.

55 1091 156 1112 Oblatum·
170 1097 211 1112 non

28 1119 111 1144 reperto
120 1134 125 1140 ,
140 1117 212 1138 eame-

29 1150 64 1165 rac
78 1145 209 1165 adiudicetm

29 1176 66 1197 pro
75 1171 142 1197 pretio
149 1171 212 1190 aesti-

29 1197 116 1219 mando,
131 1199 152 1216 vt
166 1197 212 1222 ipsa

29 1223 169 1244 creditoribus
179 1229 211 1244 sa—

29 1250 126 1271 itam-tat,

75 1779 216 1800 Sutshaztatto

34 1805 107 1826 eadem
130 1809 149 1826 et
165 1806 216 1826 deli-

35 1832 114 1852 horatio
137 1833 179 1853 liat.
199 1833 215 1852 si

19 1881 21 1886 ‚
32 1858 218 1879 extraiuttieialuer

35 1885 150 1906 constiterit
159 1885 216 1906 Mor.-

35 1913 74 1932 tetn
86 1912 117 1932 vel
132 1918 217 1932 censum

36 1938 118 1958 baronis
145 1938 218 1959 debito

35 1966 126 1990 tempure
153 1965 218 1985 eitiu-

37 1992 90 2011 ctuui
100 1996 139 2011 non
148 1991 220 2013 fuiss-¹..

18 2037 19 2042 ,
37 2018 72 2037 aut
85 2017 164 2038 tructus
178 2024 219 2038 uon

18 2045 20 2049 '
37 2043 121 2065 solutus.
134 2044 217 2065 venalia

16 2070 23 2084 ⁴*
38 2074 74 2095 pei·
101 2076 147 2090 eum
172 2077 219 2096 pro-

17 2114 21 2120 ,
38 2096 99 2116 missa
120 2103 159 2117 nou
184 2097 219 2116 iin-

39 2122 99 2148 pieta.

837 241 983 265 eunucus

271 292 287 332 ξ
309 290 338 322 5.
363 291 405 323 Ac
427 290 565 333 pretium
591 290 663 322 inde
686 290 910 331 redigendum.
936 289 965 321 in
984 326 986 337 Ι

225 343 475 377 satisfactionem
486 344 646 376 dictorum
662 343 870 379 creditorum,
883 343 966 375 iuxta

226 407 338 430 eorum
359 397 613 429 anterioritatcm
628 402 655 429 et
672 396 901 440 potioritatem,
919 406 968 427 re-

225 455 317 493 cepta
336 449 424 492 prius
449 449 488 482 ab
517 450 562 481 eis
591 449 707 481 iurium
740 448 903 484 cessione.
928 448 967 480 ad

225 504 365 536 savorem
395 503 565 546 emptoris,
594 510 620 534 ct
646 502 669 533 si
697 502 801 535 eidem
833 511 968 543 congre-

224 556 342 598 gationi
363 556 467 588 visum
489 556 601 592 suerit,
626 555 776 598 praestita
803 554 899 587 ctiam
928 554 967 586 ab

224 609 300 652 ipsis
323 609 439 642 idonea
460 608 630 645 cautione,
652 618 707 639 seu
737 608 819 639 sacta
846 606 969 648 obliga-

224 662 310 707 tione
332 662 371 695 de
394 662 507 694 eodem
534 661 637 704 pretio
664 660 862 694 restituendo
883 659 968 703 prio-

225 715 314 748 ribus
341 720 369 747 et
399 714 599 758 potioribus,
632 714 670 746 ad
700 723 796 747 omne
829 713 966 745 manda-

226 773 294 800 tum
314 767 363 801 sui
385 767 511 805 iudicis,
527 767 714 810 consignent
736 772 764 800 et
788 765 969 807 consignari

226 821 354 854 saciant.

270 873 336 916 56.
360 875 445 907 Inter
471 874 633 907 oblatores
655 879 780 912 autem,
804 874 969 907 Cameram

227 928 456 972 Apostolicam,
484 938 540 961 seu
566 928 634 961 eius
654 926 924 962 commissarium,
945 926 969 958 si

227 980 343 1015 offerre
356 981 503 1021 voluerit,
519 981 559 1014 ad
573 981 775 1014 offerendum
787 979 967 1012 admittant.

272 1035 289 1076 ξ
311 1034 340 1066 7.
364 1034 426 1068 Sed
446 1034 470 1067 si
492 1034 577 1067 intra
591 1035 694 1067 dictos
707 1032 891 1077 quindecim
904 1032 972 1065 dies

227 1087 334 1120 nullus
361 1087 487 1121 oblator
511 1087 710 1131 reperiatur,
739 1093 814 1120 tunc
838 1096 972 1128 congre-

228 1140 312 1182 gatio
333 1141 515 1183 praedicta,
539 1140 698 1177 civitates,
723 1146 845 1177 terras,
870 1145 971 1172 castra

228 1200 258 1227 et
277 1194 338 1227 alia
361 1194 447 1227 bona
474 1195 638 1238 praedicta
653 1221 660 1235 ‚
684 1194 789 1227 eidem
821 1193 971 1226 Gamerae

227 1253 355 1293 nostrae
375 1248 578 1291 Apostolicae
599 1247 778 1285 adiudicet,
802 1246 912 1279 liberet
936 1257 972 1279 ac

227 1301 353 1338 vendat,
366 1307 397 1334 et
410 1301 477 1344 ipsa
494 1301 626 1334 Came-ra
643 1306 752 1333 nostra
774 1300 968 1343 Apostolica,

227 1353 355 1397 praevia
375 1354 610 1394 aestimatione,
634 1364 692 1397 per
713 1363 813 1386 unum
833 1353 880 1385 vel
902 1353 972 1396 plu-

227 1417 278 1440 res
304 1407 523 1440 aestimatores
554 1407 594 1439 ab
624 1407 691 1450 ipsa
721 1405 972 1449 congregatione

228 1460 430 1503 deputandos
444 1487 451 1497 ,
472 1470 530 1503 pro
551 1460 606 1492 illo
631 1460 746 1503 pretio,
771 1459 857 1503 quod
879 1458 972 1491 aesti-

228 1519 350 1546 matum
371 1513 476 1551 suerit,
499 1513 567 1546 illas
581 1519 611 1546 et
623 1513 676 1546 illa
694 1523 753 1557 pro
774 1523 807 1546 se
828 1512 973 1555 accipere

229 1566 360 1606 debeat,
384 1571 416 1598 et
445 1566 483 1598 de
510 1565 597 1598 dicto
628 1566 731 1609 pretio
758 1565 892 1598 omnino
922 1576 973 1597 su-

229 1619 381 1663 pradictis
407 1629 519 1652 eorum
547 1619 761 1653 creditoribus
790 1619 973 1652 satisfacere

230 1678 389 1716 teneatur,

275 1727 292 1767 ξ
312 1725 343 1758 8.
358 1725 566 1759 Declaramus
587 1731 707 1765 autem,
722 1725 748 1758 si
769 1725 853 1758 inter
874 1725 975 1757 dictos

231 1779 406 1812 creditores
430 1779 634 1822 reperientur
663 1778 777 1822 aliqui,
802 1778 856 1822 qui
882 1789 974 1811 occa-

232 1832 323 1865 sione
355 1831 541 1876 quorumvis
572 1837 636 1864 tam
666 1831 844 1871 Montium,
878 1841 975 1874 quam

232 1896 399 1927 censuum,
411 1885 528 1919 intuitu
548 1896 584 1918 ac
604 1885 874 1929 contemplatione
889 1885 975 1928 ipso-

232 1934 511 1982 rum'principum
527 1965 534 1978 ,
559 1938 678 1971 ducum
693 1965 700 1977 ,
724 1937 951 1970 marchionum
967 1965 972 1977 ,

234 1991 401 2031 comitum,
425 1991 583 2023 baronum
601 1996 632 2023 et
653 1990 911 2029 domicellorum,
929 1991 977 2023 vel

235 2054 347 2077 eorum
369 2049 548 2083 auctorum,
573 2049 603 2076 et
627 2043 913 2087 praedecessorum
927 2053 978 2075 su-

235 2097 456 2141 pradictorum
471 2123 479 2137 ,
501 2102 682 2130 erectorum
702 2102 732 2129 et
752 2096 977 2140 impositorum

235 2149 410 2194 respective
436 2150 611 2182 creditores
637 2149 778 2189 suerint,
812 2155 841 2181 et
862 2149 979 2192 quibus

236 2203 275 2236 de
296 2202 452 2236 fructibus
473 2201 593 2235 idcirco
616 2202 731 2235 debitis
752 2202 906 2234 hactenus
931 2201 979 2234 in-

236 2261 324 2298 tegre
344 2255 540 2288 satisfactum
568 2265 633 2287 non
654 2254 730 2292 erit,
758 2254 806 2286 vel
833 2253 863 2285 in
891 2254 977 2286 sutu-

236 2319 307 2342 rum
328 2320 393 2342 non
414 2308 558 2348 satisfiet,
574 2307 606 2340 in
624 2306 808 2351 praemissis
829 2316 902 2339 eum
916 2316 981 2339 ser-

236 2362 303 2394 vari
321 2362 440 2394 debere
455 2361 587 2394 modum
606 2366 637 2392 et
656 2359 815 2396 ordinem,
837 2364 871 2391 ut
890 2363 983 2401 capta

237 2414 413 2447 summaria
435 2413 675 2451 informatione,
692 2412 789 2445 etiam
811 2411 980 2444 extraiudi-

239 2467 310 2500 ciali
336 2478 393 2511 per
418 2467 538 2500 dictam
560 2465 845 2508 congregationem
871 2464 910 2497 de
932 2464 980 2496 la-

238 2531 297 2564 psu
319 2519 484 2564 temporis,
505 2526 535 2553 et
554 2520 593 2553 de
613 2518 830 2552 satisfactione
851 2528 916 2551 non
936 2528 983 2550 se-

239 2578 350 2617 quuta,
365 2573 486 2616 absque
506 2573 582 2614 ulla,
597 2578 631 2605 ut
651 2572 773 2605 dictum
795 2577 852 2612 est,
868 2580 984 2604 causae
1001 2566 1002 2572 ¹

1004 241 1062 263 vui
1083 241 1133 263 Pr.

1001 288 1133 324 tionem,
1158 286 1375 320 venditionem
1397 291 1423 320 ct
1448 284 1742 323 adiudicationem,

1001 340 1259 383 supradictarum
1281 339 1466 377 civitatum,
1491 344 1648 371 terrarum
1664 365 1671 377 ,
1695 348 1747 371 ca-

1002 399 1142 426 strorum
1177 399 1207 426 et
1235 393 1396 426 bonorum
1427 392 1552 435 pretio,
1586 397 1620 424 ut
1650 401 1746 434 supra

1002 446 1218 483 aestimando,
1244 447 1339 478 modo
1361 451 1389 478 et
1422 446 1524 478 forma
1551 444 1743 488 praedictis,

1002 506 1031 532 et
1046 499 1180 532 ulterius
1193 500 1232 532 ad
1248 499 1474 532 extinctionem
1490 499 1650 531 dictorum
1659 498 1747 531 Mon-

1003 552 1081 585 tium
1104 557 1134 584 et
1159 562 1313 584 censuum
1328 579 1335 589 ,
1360 563 1396 584 ac
1420 552 1670 584 satisfactionem
1692 551 1743 596 di-

1003 609 1129 637 ctorum
1152 606 1325 642 fructuum,
1351 615 1451 648 usque
1471 605 1510 637 ad
1536 604 1621 637 diem
1643 604 1747 637 dictae

1003 657 1206 691 extinctionis
1231 658 1452 698 decursorum,
1477 658 1544 701 ipsa
1566 667 1744 700 congrega-

1004 711 1047 744 tio
1068 711 1200 744 omnino
1215 711 1371 743 deveniat.
1387 711 1540 754 Idemque
1557 710 1677 743 servari
1696 720 1748 742 vo-

1005 765 1111 797 lumus
1129 770 1158 798 et
1180 765 1381 803 mandamus,
1405 764 1512 807 quoad
1536 763 1607 795 illos
1627 763 1747 806 princi-

1004 829 1070 862 pes,
1094 818 1208 857 duces,
1233 818 1448 857 marchiones,
1478 816 1621 856 comites,
1648 816 1746 848 baro-

1005 882 1060 905 nes
1074 878 1104 905 et
1116 872 1316 912 domicellos,
1333 872 1388 915 qui
1410 871 1484 904 licet
1504 870 1606 903 dictos
1626 870 1750 902 fructus

1004 935 1062 958 suo
1080 930 1228 968 tempore
1247 924 1422 968 quotannis
1442 922 1606 962 solverint,
1629 932 1747 965 supra-

1006 978 1108 1011 dictos
1129 983 1236 1011 tamen
1261 978 1393 1015 Montes,
1416 982 1451 1010 ut
1470 976 1663 1020 praefertur,
1681 985 1751 1008 ere—

1006 1037 1084 1069 ctos,
1108 1032 1156 1064 vel
1183 1042 1296 1064 census
1322 1030 1489 1074 impositos
1521 1035 1552 1062 et
1582 1028 1749 1066 venditos,

1007 1084 1090 1117 intra
1111 1090 1257 1127 tempora
1279 1084 1309 1116 in
1331 1083 1494 1116 erectione
1509 1082 1652 1126 ipsorum
1666 1081 1754 1114 Mon-

1007 1137 1097 1174 tium,
1126 1143 1177 1169 aut
1210 1137 1241 1169 in
1275 1136 1482 1180 impositione
1508 1141 1536 1168 et
1566 1134 1753 1167 venditione

1650 227 1714 260 2753
1760 237 1808 263 An.
1831 236 1858 263 c.
1878 238 1946 264 1596

1007 1201 1160 1224 censuum
1174 1190 1419 1223 fideiussoribus
1432 1189 1602 1232 promissa,
1612 1188 1661 1220 vel
1675 1187 1753 1220 alias
1773 1201 1778 1203 -

1007 1250 1173 1281 conventa,
1189 1254 1254 1276 non
1268 1242 1470 1282 extinxerint,
1485 1247 1539 1274 aut
1559 1241 1590 1273 in
1612 1241 1753 1273 futurum

1007 1297 1121 1330 debitis
1146 1296 1347 1340 temporibus
1374 1305 1439 1328 non
1471 1294 1674 1336 extinguent,
1698 1304 1754 1325 seu

1007 1351 1105 1383 etiam
1126 1350 1188 1383 alia
1208 1355 1302 1393 pacta
1323 1349 1353 1381 in
1372 1348 1493 1382 eisdem
1514 1347 1668 1380 Montium
1687 1357 1755 1379 ere-

1007 1403 1179 1442 ctionibus,
1203 1408 1232 1436 et
1258 1412 1412 1436 censuum
1445 1400 1706 1444 impositionibus
1726 1405 1756 1431 et

1008 1456 1246 1490 venditionibus
1265 1455 1423 1500 apposita,
1441 1460 1471 1487 et
1484 1454 1562 1487 alias
1583 1458 1750 1490 conventa,

1006 1521 1062 1543 seu
1094 1511 1125 1542 in
1160 1510 1419 1553 quibuscumque
1451 1507 1691 1546 contractibus,
1721 1506 1751 1537 in

1007 1563 1135 1607 quibus,
1156 1573 1211 1596 seu
1230 1572 1370 1606 quorum
1391 1561 1500 1603 vigore
1520 1560 1596 1593 dicti
1617 1560 1755 1592 barones

1008 1622 1038 1649 et
1063 1615 1247 1655 domicelli,
1272 1620 1324 1648 aut
1357 1624 1469 1647 eorum
1502 1618 1670 1649 auctores,
1699 1621 1755 1644 seu

1009 1675 1243 1705 antecessores,
1268 1667 1430 1701 debitores
1456 1666 1608 1705 existunt,
1632 1664 1755 1698 adiecta

1009 1732 1073 1755 non
1087 1721 1344 1764 adimpleverint,
1361 1720 1409 1753 vel
1423 1729 1487 1752 non
1501 1717 1751 1755 observaverint,

1010 1781 1062 1808 aut
1091 1775 1122 1807 in
1151 1775 1295 1807 futurum
1327 1783 1392 1805 non
1418 1771 1657 1809 observabunt,
1690 1769 1754 1802 sive

1010 1828 1248 1871 adimplebunt,
1273 1827 1305 1859 in
1327 1831 1393 1859 toto
1407 1852 1414 1865 ,
1434 1826 1481 1857 vel
1503 1824 1535 1857 in
1556 1829 1645 1868 parte
1659 1850 1666 1861 ,
1687 1822 1755 1866 ipsa

1011 1880 1219 1923 congregatio
1251 1890 1305 1913 eos
1337 1879 1377 1912 ad
1414 1878 1574 1911 dictorum
1599 1876 1754 1909 Montium

1012 1941 1042 1968 et
1062 1944 1216 1967 censuum
1230 1933 1388 1975 integram
1403 1930 1643 1970 extinctionem,
1658 1935 1688 1962 et
1702 1929 1756 1961 de-

1012 1989 1068 2022 biti
1098 1988 1315 2026 solutionem,
1344 1996 1380 2018 ac
1405 1984 1602 2018 creditorum
1633 1982 1755 2015 satissa-

1013 2042 1164 2079 ctionem,
1186 2039 1282 2073 etiam
1302 2038 1327 2071 si
1349 2038 1416 2071 dies
1437 2037 1532 2070 totius
1553 2035 1706 2069 Montium
1727 2040 1757 2068 et

1013 2104 1167 2128 censuum
1182 2091 1396 2130 extinctionis
1413 2090 1461 2124 vel
1476 2089 1574 2123 debiti
1588 2088 1757 2122 solutionis

1014 2158 1079 2181 non
1103 2146 1279 2194 advenerit,
1304 2150 1395 2187 cogat
1418 2149 1447 2177 ct
1467 2143 1649 2186 compellat.

1059 2201 1074 2243 ξ
1094 2199 1124 2232 9.
1149 2199 1304 2231 Volumus
1324 2197 1419 2230 etiam
1441 2201 1483 2236 et,
1506 2195 1574 2238 pari
1604 2200 1694 2227 motu
1721 2204 1757 2227 ac

1015 2257 1187 2296 potestate,
1211 2249 1415 2283 decernimus
1441 2248 1617 2292 principes,
1646 2248 1754 2286 (luces,

1017 2305 1241 2344 marchiones,
1269 2304 1408 2336 barones
1433 2308 1462 2335 et
1488 2300 1676 2334 domicellos
1707 2310 1758 2332 su-

1017 2358 1179 2402 pradictos
1194 2384 1201 2397 ,
1229 2367 1284 2390 seu
1306 2357 1435 2389 illorum
1457 2363 1680 2398 quoscumque
1700 2363 1758 2396 pro

1018 2417 1163 2454 tempore
1196 2419 1397 2442 successores
1416 2435 1423 2445 ,
1458 2406 1755 2445 subhastationem,

1018 2462 1285 2497 deliberationem
1303 2488 1309 2499 ,
1338 2460 1555 2493 venditionem
1577 2465 1608 2491 ct
1628 2459 1756 2492 adiudi--

1019 2515 1178 2549 rationem
1200 2520 1231 2547 et
1255 2513 1317 2546 alia
1337 2512 1524 2556 praedicta,
1556 2511 1757 2555 impugnare,

1020 2568 1178 2612 impedire
1206 2567 1254 2600 vel
1276 2566 1443 2599 retardare
1464 2575 1529 2598 non
1560 2575 1653 2608 posse
1668 2591 1676 2605 ,
1703 2574 1761 2597 nec

240 2626 435 2669 cognitione,
460 2626 498 2659 ad
520 2625 808 2665 subhastationem,
826 2624 984 2658 delibera·
1020 2623 1172 2656 adversus
1207 2632 1243 2653 ea
1276 2621 1384 2665 aliquo
1416 2620 1513 2653 modo
1533 2630 1566 2653 sc
1592 2619 1684 2659 tueri,
1709 2624 1762 2651 aut

292 2687 369 2716 Bull.
391 2688 472 2716 Rom.
498 2688 557 2715 Vol.
579 2688 605 2715 Χ
831 2685 865 2712 35

1799 2199 1957 2220 fideicommis-

1772 2232 1808 2249 sa,
1833 2229 1880 2248 etc..
1904 2225 1957 2246 haee

1772 2258 1813 2273 non
1833 2252 1956 2278 impediunt.
