2253 3195
222 247 273 274 An.
295 247 324 274 c.
343 246 410 275 ¹602
455 236 519 271 830

425 360 538 384 novem
562 349 668 388 libras,
694 354 725 381 et
749 349 894 392 quinque
919 347 1113 389 solidos,⁶29,
1132 347 1162 380 5.

476 403 521 436 Ex
555 413 637 435 nova
676 401 842 435 dotatione
881 401 1007 434 solvunt
1046 401 1166 434 eisdem

426 456 554 499 triginta
579 466 632 489 sex
655 455 753 489 libras
775 461 805 488 et
829 454 1015 498 quindecim
1033 454 1165 494 solidos,

424 509 478 551 36,
499 509 552 542 «15.

474 562 632 596 Dominus
653 561 837 606 temporalis
850 573 887 595 ex
911 572 992 595 nova
1007 562 1170 596 dotatione

426 617 519 651 solvit
544 617 784 661 parochialibus
809 616 960 650 undecim
985 616 1096 656 libras,
1115 626 1171 649 se—

427 677 512 714 ptem
523 670 642 704 solidos
658 675 690 703 et
707 670 818 704 decem
833 670 993 710 denarios,
1004 669 1059 711 11,
1071 669 1168 710 7,10.

470 725 623 758 Rectores
640 724 857 767 quorumdam
874 724 1021 757 locorum
1038 734 1075 756 ex
1089 733 1171 756 nova

426 778 590 811 dotatione
634 777 870 821 quinquaginta
907 776 1005 810 libras
1044 776 1172 817 solvunt

426 831 679 874 paxochialibus‚
707 829 761 863 50.

472 883 607 917 Reditus
647 883 724 917 olim
758 884 935 928 mesquitae
971 894 1009 917 ex
1041 884 1171 927 antiqua

427 937 624 980 obligatione
649 938 775 970 solvunt
803 937 974 971 duodecim
991 937 1100 977 libras,
1115 936 1170 969 1⁶2.

471 992 514 1023 Ex
539 1001 619 1024 nova
644 991 811 1024 dotatione
835 992 964 1025 solvunt
980 992 1100 1025 eisdem
1118 1002 1173 1035 pa-

427 1044 623 1078 rochialibus
647 1045 833 1088 octuaginta
856 1051 922 1078 tres
942 1045 1052 1084 libras,
1071 1043 1124 1077 83.

471 1098 723 1132 Arehidiaeonus
734 1098 844 1144 ‚maior
861 1110 899 1132 ex
911 1109 992 1133 nova
1007 1098 1172 1132 dotatione

427 1151 522 1185 solvit
546 1151 676 1195 triginta
701 1151 845 1195 quinque
868 1151 976 1192 libras,
1005 1151 1171 1185 tresdecim

427 1205 545 1239 solidos
570 1211 602 1239 et
624 1216 677 1239 sex
701 1205 862 1246 denarios,
875 1204 932 1247 35,
959 1204 1014 1246 13,
1034 1205 1065 1239 6.

473 1259 705 1293 Thesaurarius
729 1269 765 1292 ex
789 1269 870 1292 nova
894 1259 1057 1293 dotatione
1081 1259 1173 1293 solvit

429 1312 601 1346 duodecim
627 1312 735 1353 libras,
752 1312 894 1356 quinque
911 1312 1030 1346 solidos
1044 1318 1073 1345 et
1092 1312 1174 1346 duos

429 1365 593 1406 denarios,
620 1365 673 1407 1⁹2,
695 1365 725 1406 5,
746 1366 777 1399 ΕΞ.

474 1419 729 1453 Archidiaconus
754 1419 942 1453 Atti-Pontis
967 1430 1004 1453 ex
1027 1430 1108 1453 nova
1121 1420 1174 1453 do-

432 1473 553 1506 tatione
577 1473 669 1506 solvit
693 1478 766 1507 octo
791 1473 904 1513 libras,
928 1479 1066 1516 quatuor
1092 1474 1171 1506 soli-

429 1526 487 1560 dos
511 1532 542 1559 et
566 1526 710 1570 quinque
734 1525 894 1565 denarios,
918 1525 950 1567 8,
977 1526 1009 1566 4,
1036 1527 1066 1559 5.

476 1580 623 1613 Decanus
647 1591 684 1613 ex
710 1590 791 1613 nova
816 1579 980 1613 detatione
1004 1579 1093 1613 solvit
1113 1592 1171 1624 pa-

431 1633 627 1668 rochialibus
643 1633 773 1677 triginta
791 1639 914 1677 septem
929 1632 1036 1674 libras,
1063 1633 1174 1667 decem

430 1693 459 1720 et
485 1693 606 1730 septem
632 1687 752 1720 solidos
783 1693 813 1720 et
838 1697 890 1719 sex
915 1687 1177 1730 ‹lenm-iosupost

431 1741 679 1784 exequutionem
721 1752 794 1774 vero
834 1751 956 1774 massae
996 1741 1176 1774 communis

431 1795 590 1828 minorem
627 1794 838 1838 quantitatem
876 1795 998 1834 solvet,
1025 1799 1121 1837 prout
1145 1794 1176 1826 in

432 1847 594 1889 tit·r0,37‚
623 1848 676 1889 17,
699 1850 729 1880 6.

477 1901 657 1935 infirmaria
682 1914 718 1935 ex
743 1902 878 1945 antiqua
903 1901 1101 1944 obligatione
1115 1902 1177 1935 sol-

433 1955 473 1988 vit
500 1955 609 1999 viginti
635 1954 744 1995 tibi-as,
764 1954 817 1988 20.

481 2009 523 2041 Ex
556 2019 634 2042 nova
661 2009 825 2042 dotatione
856 2009 947 2042 solvit
975 2009 1093 2042 eisdem
1124 2020 1178 2052 pa-

434 2061 629 2095 rochialibus
655 2061 763 2105 viginti
786 2061 892 2100 libras,
908 2067 948 2103 et,
968 2067 1040 2106 post
1065 2074 1178 2097 execu-

432 2115 551 2148 tionem
574 2127 696 2149 massae
720 2116 916 2156 communis,
945 2115 1026 2149 nitiit
1054 2116 1175 2149 contri-

434 2170 520 2210 buet,
543 2168 596 2202 Ἥ).

479 2222 661 2256 Scliolastcr
686 2233 721 2256 ex
749 2224 880 2266 antiqua
905 2223 1100 2265 obligatione
1119 2224 1180 2257 sol-

435 2277 477 2309 vit
504 2276 614 2319 viginti
639 2277 783 2320 quinque
809 2276 920 2316 libras,
947 2277 999 2310 ⁶25.

480 2330 523 2362 Ex
563 2340 641 2362 nova
681 2329 845 2363 dotatione
878 2330 971 2363 solvit
997 2330 1179 2374 quindecim

439 2383 545 2422 libras.
588 2388 617 2417 el
662 2389 733 2427 post
771 2384 1018 2427 exequutionem
1061 2395 1180 2418 massae

436 2436 618 2469 communis
644 2437 721 2470 nitiit
747 2437 941 2475 contribuet,
970 2437 1020 2470 15.

481 2490 657 2523 Sueeentot·
673 2501 710 2523 ex
728 2490 857 2534 antiqua
883 2490 1078 2533 obligatione
1089 2490 1181 2525 solvit

438 2543 675 2584 parochialibus
699 2543 861 2585 sexaginta
888 2543 1006 2583 libras,
1033 2544 1086 2576 ⁴30.

485 2595 525 2627 Ex
551 2607 631 2629 nova
657 2597 819 2630 dotationn.¹
844 2597 937 2631 solvit
969 2597 1092 2630 eisdem
1120 2609 1180 2641 {ia-

440 2648 636 2681 rocliiaiilitis
662 2650 873 2692 quradraginta
900 2651 1007 2690 libras,
1036 2650 1088 2683 sto.

677 280 681 281 ⁷
1006 246 1189 270 nuLLAmuM
1209 245 1363 270 Romnum

424 296 619 340 obligatione
643 295 770 329 solvunt
787 293 1025 338 parochialibus
1055 294 1184 336 viginti'

1243 295 1312 327 Duo
1338 293 1482 327 canonici
1509 294 1610 328 curati
1646 294 1773 328 solvunt
1797 305 1835 328 ex
1861 305 1944 328 nova

1199 347 1392 391 obligatione
1415 347 1657 392 quatuordecim
1681 347 1799 388 libras,
1825 359 1940 382 novem

1199 400 1320 435 solidos
1345 406 1376 434 et
1400 406 1473 434 octo
1496 400 1657 441 denarios,
1676 400 1730 441 14,
1748 400 1781 443 9,
1808 400 1840 434 8.

1245 455 1460 489 Canonicatus
1509 455 1540 489 S.
1579 455 1681 489 Officii
1725 455 1945 498 Inquisitionis

1202 509 1305 549 solvit,
1322 519 1359 542 ex
1383 509 1517 552 antiqua
1533 508 1741 552 obligatione,
1755 512 1894 552 quatuor
1909 508 1945 540 li-

1202 561 1294 602 bras,
1321 561 1352 594 ίι.
1771 570 1775 571 ’

1248 615 1290 648 Ex
1321 626 1403 648 nova
1439 614 1605 648 dotatione
1643 615 1736 648 solvit
1767 615 1877 649 decem
1901 614 1946 648 li-

1204 670 1292 709 bras,
1315 668 1370 702 ¹10.

1249 723 1349 762 Quam
1386 722 1516 766 quidem
1547 722 1776 767 praeinsertam
1814 733 1871 766 per
1895 733 1946 756 me

1204 778 1319 810 sac-tam
1353 781 1385 810 et
1415 775 1614 819 designatam
1645 777 1780 810 sormam
1809 777 1849 810 ad
1868 776 1947 810 San-

1205 830 1346 864 ctitatem
1367 830 1510 864 Vestram
1526 857 1533 871 ‚
1561 830 1693 874 eiusque
1717 830 1865 864 Sanctam
1889 830 1946 864 Se-

1205 885 1278 918 dem
1313 884 1530 928 Apostolieam
1556 885 1761 924 transmitto,
1794 890 1828 918 ut
1860 885 1947 928 quod

1206 938 1307 981 magis
1346 938 1385 971 ad
1422 938 1477 972 Dei
1515 938 1666 980 laudem,
1695 943 1726 971 et
1759 938 1946 972 eorumdem

1206 991 1331 1025 noviter
1354 1002 1579 1026 conversorum
1605 991 1786 1033 utilitatem,
1813 1002 1849 1024 ac
1873 991 1949 1025 alia-

1207 1056 1276 1078 rum
1301 1045 1511 1079 eeclesiarum
1537 1045 1779 1079 indemnitatem
1805 1050 1948 1089 spectare

1206 1098 1365 1133 Sanctitas
1401 1099 1510 1132 Vestra
1545 1099 1749 1143 cognoverit,
1783 1104 1946 1139 statuere,

1207 1152 1378 1187 decernere
1403 1159 1434 1186 et
1462 1153 1611 1186 ordinare
1651 1152 1819 1195 dignetur,
1857 1152 1949 1186 euius

1207 1206 1417 1240 sanctissimis
1441 1205 1578 1250 pedibus
1602 1205 1717 1239 humili
1742 1205 1949 1249 demissoque

1208 1260 1317 1293 animo
1345 1261 1545 1304 provolutuS‚
1568 1259 1599 1292 S.
1627 1259 1662 1292 V.
1691 1259 1948 1293 benedictionem

1208 1318 1239 1346 et
1281 1314 1494 1357 patrocinium
1523 1313 1690 1347 humiliter
1725 1313 1875 1357 imploro.
1912 1313 1949 1346 In

1208 1377 1347 1410 quorum
1373 1367 1519 1400 omnium
1548 1372 1579 1400 et
1603 1366 1803 1410 singulorum
1837 1365 1947 1406 fidem,

1208 1425 1392 1464 praesentes
1417 1429 1516 1453 manu
1547 1430 1617 1453 mea
1646 1420 1868 1463 subffignatas,
1901 1419 1950 1452 si—

1208 1473 1341 1518 gillique
1365 1473 1428 1507 mei
1453 1473 1661 1518 impressione
1678 1471 1831 1512 munitas,
1851 1477 1882 1505 et
1893 1481 1951 1515 per

1207 1527 1367 1560 notarium
1394 1526 1628 1570 infrascriptum
1647 1525 1844 1569 subscriptas
1857 1535 1950 1568 expe-

1208 1581 1271 1614 divi
1303 1580 1433 1615 litteras.
1460 1580 1664 1623 Segobricae
1704 1579 1754 1612 die
1779 1589 1798 1612 v
1833 1579 1950 1612 mensis
1979 1591 1987 1599 ·

1208 1635 1288 1674 iulii,
1316 1645 1400 1667 anno
1425 1645 1442 1667 a
1467 1634 1629 1667 nativitate
1653 1632 1779 1667 Domini
1799 1640 1925 1665 iinxctx.

1299 1716 1477 1749 Felicianus
1502 1715 1677 1760 Episcopus
1701 1712 1947 1758 Segobricensis.

1343 1779 1426 1812 Loco
1443 1779 1468 1821 ἦ·
1481 1777 1592 1821 Sigilli.

1254 1842 1459 1876 Ilemandato
1476 1841 1552 1875 dicti
1571 1840 1697 1874 Domini
1716 1839 1775 1873 mei
1793 1838 1948 1884 episcopi.

1342 1902 1481 1936 lacobus
1505 1902 1661 1947 Sylvester
1685 1903 1723 1935 de
1748 1900 1881 1941 Urhtna,

1492 1955 1635 1989 notarius
1659 1953 1774 1987 sco-iba.

1256 2038 1272 2076 ξ
1294 2037 1324 2069 li.
1350 2037 1412 2069 Nos
1437 2042 1543 2069 autem
1569 2035 1608 2068 ad
1633 2046 1690 2075 ea,
1717 2045 1798 2078 quae
1822 2034 1954 2068 catholi-

1213 2101 1267 2124 cae
1294 2091 1366 2123 tide}
1393 2088 1680 2128 conversationem,
1698 2093 1752 2121 etc.
1778 2088 1895 2131 (Jirmct
1918 2089 1954 2121 in

1210 2144 1411 2188 praecedenti
1435 2153 1530 2186 usquc
1547 2142 1590 2175 ml
1608 2142 1728 2185 finem).

1258 2224 1369 2257 Datum
1396 2224 1514 2256 llomae
1539 2223 1623 2266 apud
1638 2222 1788 2256 Sanctum
1810 2222 1951 2261 Petrum,

1213 2278 1272 2311 sub
1308 2277 1430 2311 annulo
1456 2275 1650 2316 Pisi-aloru,
1678 2275 1728 2309 «lie
1757 2284 1854 2308 xxvtii
1880 2273 1953 2307 maii

1215 2340 1314 2372 nucu,
1338 2330 1543 2374 pontificatus
1568 2329 1668 2362 nostri
1694 2339 1777 2362 anno
1802 2338 1845 2361 xi.

1251 2403 1310 2429 Dat.
1327 2402 1369 2429 ilie
1385 2402 1419 2428 28
1434 2400 1496 2428 maii
1511 2401 1591 2433 1602.
1609 2400 1706 2436 pontit.
1727 2408 1771 2427 an.
1789 2407 1824 2426 xi.

2145 129 2157 146 Κ

1955 245 2005 273 An.
2026 245 2054 273 C.
2072 245 2177 303 ¹602}-
