<?xml version="1.0" encoding="UTF-8"?>
<!DOCTYPE html PUBLIC "-//W3C//DTD XHTML 1.0 Transitional//EN"
    "http://www.w3.org/TR/xhtml1/DTD/xhtml1-transitional.dtd">
<html xmlns="http://www.w3.org/1999/xhtml" xml:lang="en" lang="en">
 <head>
  <title>
</title>
<meta http-equiv="Content-Type" content="text/html;charset=utf-8" />
  <meta name='ocr-system' content='tesseract 3.04.00' />
  <meta name='ocr-capabilities' content='ocr_page ocr_carea ocr_par ocr_line ocrx_word'/>
</head>
<body>
  <div class='ocr_page' id='page_1' title='image "./bullarumdiplomat10cath_0646.png"; bbox 0 0 2253 3195; ppageno 0'>
   <div class='ocr_carea' id='block_1_1' title="bbox 301 250 486 277">
    <p class='ocr_par' dir='ltr' id='par_1_1' title="bbox 301 250 486 277">
     <span class='ocr_line' id='line_1_1' title="bbox 301 250 486 277; baseline 0.005 -1"><span class='ocrx_word' id='word_1_1' title='bbox 301 250 350 277; x_wconf 79' lang='lat' dir='ltr'>An.</span> <span class='ocrx_word' id='word_1_2' title='bbox 370 250 398 276; x_wconf 85' lang='lat' dir='ltr'>C.</span> <span class='ocrx_word' id='word_1_3' title='bbox 419 252 486 277; x_wconf 62' lang='lat'>1000</span> 
     </span>
    </p>
   </div>
   <div class='ocr_carea' id='block_1_2' title="bbox 295 1053 478 1100">
    <p class='ocr_par' dir='ltr' id='par_1_2' title="bbox 295 1053 478 1100">
     <span class='ocr_line' id='line_1_2' title="bbox 315 1053 478 1077; baseline 0.006 -6"><span class='ocrx_word' id='word_1_4' title='bbox 315 1053 409 1072; x_wconf 63' lang='lat' dir='ltr'>Cle-ment</span> <span class='ocrx_word' id='word_1_5' title='bbox 420 1058 478 1077; x_wconf 73' lang='lat' dir='ltr'>prac-</span> 
     </span>
     <span class='ocr_line' id='line_1_3' title="bbox 295 1079 477 1100; baseline 0.011 -3"><span class='ocrx_word' id='word_1_6' title='bbox 295 1079 350 1099; x_wconf 69' lang='lat' dir='ltr'>ulicta</span> <span class='ocrx_word' id='word_1_7' title='bbox 361 1079 477 1100; x_wconf 64' lang='lat' dir='ltr'>confirmat.</span> 
     </span>
    </p>
   </div>
   <div class='ocr_carea' id='block_1_3' title="bbox 495 241 1241 714">
    <p class='ocr_par' dir='ltr' id='par_1_3' title="bbox 498 241 1241 390">
     <span class='ocr_line' id='line_1_4' title="bbox 531 241 594 274; baseline -0.032 -1"><span class='ocrx_word' id='word_1_8' title='bbox 531 241 594 274; x_wconf 54' lang='lat' dir='ltr'>Mlti</span> 
     </span>
     <span class='ocr_line' id='line_1_5' title="bbox 499 296 1241 341; baseline -0.004 -10"><span class='ocrx_word' id='word_1_9' title='bbox 499 309 562 331; x_wconf 90' lang='lat' dir='ltr'>uno</span> <span class='ocrx_word' id='word_1_10' title='bbox 583 309 640 341; x_wconf 85' lang='lat' dir='ltr'>per</span> <span class='ocrx_word' id='word_1_11' title='bbox 662 298 690 330; x_wconf 87' lang='lat' dir='ltr'>la</span> <span class='ocrx_word' id='word_1_12' title='bbox 710 297 890 337; x_wconf 74' lang='lat' dir='ltr'>Comunitii,</span> <span class='ocrx_word' id='word_1_13' title='bbox 909 296 929 328; x_wconf 93' lang='lat' dir='ltr'>il</span> <span class='ocrx_word' id='word_1_14' title='bbox 951 296 1045 339; x_wconf 65' lang='lat' dir='ltr'>quide</span> <span class='ocrx_word' id='word_1_15' title='bbox 1066 296 1241 339; x_wconf 79' lang='lat' dir='ltr'>importera</span> 
     </span>
     <span class='ocr_line' id='line_1_6' title="bbox 498 350 686 390; baseline -0.005 -7"><span class='ocrx_word' id='word_1_16' title='bbox 498 351 555 384; x_wconf 85' lang='lat' dir='ltr'>lire</span> <span class='ocrx_word' id='word_1_17' title='bbox 575 350 686 390; x_wconf 40' lang='lat'>9220.</span> 
     </span>
    </p>

    <p class='ocr_par' dir='ltr' id='par_1_4' title="bbox 495 400 1240 714">
     <span class='ocr_line' id='line_1_7' title="bbox 585 400 1240 444; baseline -0.002 -10"><span class='ocrx_word' id='word_1_18' title='bbox 585 403 627 435; x_wconf 88' lang='lat' dir='ltr'>Le</span> <span class='ocrx_word' id='word_1_19' title='bbox 658 403 743 435; x_wconf 76' lang='lat' dir='ltr'>(lette</span> <span class='ocrx_word' id='word_1_20' title='bbox 775 402 901 444; x_wconf 70' lang='lat' dir='ltr'>gabelle</span> <span class='ocrx_word' id='word_1_21' title='bbox 931 401 957 435; x_wconf 80' lang='lat' dir='ltr'>si</span> <span class='ocrx_word' id='word_1_22' title='bbox 983 402 1168 434; x_wconf 66' lang='lat' dir='ltr'>doveranno</span> <span class='ocrx_word' id='word_1_23' title='bbox 1198 400 1240 432; x_wconf 93' lang='lat' dir='ltr'>ri-</span> 
     </span>
     <span class='ocr_line' id='line_1_8' title="bbox 495 452 1239 498; baseline -0.004 -11"><span class='ocrx_word' id='word_1_24' title='bbox 495 460 640 488; x_wconf 78' lang='lat' dir='ltr'>scuotere</span> <span class='ocrx_word' id='word_1_25' title='bbox 660 465 718 498; x_wconf 88' lang='lat' dir='ltr'>per</span> <span class='ocrx_word' id='word_1_26' title='bbox 743 465 839 487; x_wconf 86' lang='lat' dir='ltr'>mano</span> <span class='ocrx_word' id='word_1_27' title='bbox 866 455 917 488; x_wconf 90' lang='lat' dir='ltr'>dcl</span> <span class='ocrx_word' id='word_1_28' title='bbox 940 454 1106 495; x_wconf 88' lang='lat' dir='ltr'>tesoricro‚</span> <span class='ocrx_word' id='word_1_29' title='bbox 1128 464 1147 487; x_wconf 95' lang='lat' dir='ltr'>o</span> <span class='ocrx_word' id='word_1_30' title='bbox 1167 452 1239 486; x_wconf 88' lang='lat' dir='ltr'>altri</span> 
     </span>
     <span class='ocr_line' id='line_1_9' title="bbox 496 507 1240 552; baseline 0 -12"><span class='ocrx_word' id='word_1_31' title='bbox 496 508 633 542; x_wconf 84' lang='lat' dir='ltr'>ministri</span> <span class='ocrx_word' id='word_1_32' title='bbox 664 509 747 541; x_wconf 76' lang='lat' dir='ltr'>della</span> <span class='ocrx_word' id='word_1_33' title='bbox 775 509 909 542; x_wconf 82' lang='lat' dir='ltr'>Camera</span> <span class='ocrx_word' id='word_1_34' title='bbox 943 507 1150 552; x_wconf 85' lang='lat' dir='ltr'>Apostolica‚</span> <span class='ocrx_word' id='word_1_35' title='bbox 1181 518 1240 551; x_wconf 85' lang='lat' dir='ltr'>per</span> 
     </span>
     <span class='ocr_line' id='line_1_10' title="bbox 495 562 1238 605; baseline 0 -11"><span class='ocrx_word' id='word_1_36' title='bbox 495 563 625 605; x_wconf 75' lang='lat' dir='ltr'>pagarle</span> <span class='ocrx_word' id='word_1_37' title='bbox 647 562 678 595; x_wconf 90' lang='lat' dir='ltr'>in</span> <span class='ocrx_word' id='word_1_38' title='bbox 700 573 797 595; x_wconf 90' lang='lat' dir='ltr'>mano</span> <span class='ocrx_word' id='word_1_39' title='bbox 818 563 869 595; x_wconf 89' lang='lat' dir='ltr'>del</span> <span class='ocrx_word' id='word_1_40' title='bbox 890 562 1078 605; x_wconf 73' lang='lat' dir='ltr'>magistram</span> <span class='ocrx_word' id='word_1_41' title='bbox 1099 562 1130 596; x_wconf 90' lang='lat' dir='ltr'>di</span> <span class='ocrx_word' id='word_1_42' title='bbox 1151 562 1238 595; x_wconf 82' lang='lat' dir='ltr'>detta</span> 
     </span>
     <span class='ocr_line' id='line_1_11' title="bbox 495 616 1234 660; baseline 0.001 -12"><span class='ocrx_word' id='word_1_43' title='bbox 495 616 570 649; x_wconf 69' lang='lat' dir='ltr'>cittii</span> <span class='ocrx_word' id='word_1_44' title='bbox 596 627 654 660; x_wconf 91' lang='lat' dir='ltr'>per</span> <span class='ocrx_word' id='word_1_45' title='bbox 675 616 842 660; x_wconf 87' lang='lat' dir='ltr'>spendersi</span> <span class='ocrx_word' id='word_1_46' title='bbox 863 627 881 649; x_wconf 93' lang='lat' dir='ltr'>a</span> <span class='ocrx_word' id='word_1_47' title='bbox 901 616 1035 649; x_wconf 84' lang='lat' dir='ltr'>servizio</span> <span class='ocrx_word' id='word_1_48' title='bbox 1062 616 1234 660; x_wconf 85' lang='lat' dir='ltr'>pubblico,</span> 
     </span>
     <span class='ocr_line' id='line_1_12' title="bbox 495 669 1079 714; baseline -0.002 -11"><span class='ocrx_word' id='word_1_49' title='bbox 495 680 586 703; x_wconf 83' lang='lat' dir='ltr'>come</span> <span class='ocrx_word' id='word_1_50' title='bbox 608 671 725 714; x_wconf 60' lang='lat' dir='ltr'>parer-³1</span> <span class='ocrx_word' id='word_1_51' title='bbox 745 670 785 703; x_wconf 90' lang='lat' dir='ltr'>ad</span> <span class='ocrx_word' id='word_1_52' title='bbox 807 680 876 703; x_wconf 85' lang='lat' dir='ltr'>essa</span> <span class='ocrx_word' id='word_1_53' title='bbox 900 669 1079 703; x_wconf 75' lang='lat' dir='ltr'>Comunita.</span> 
     </span>
    </p>
   </div>
   <div class='ocr_carea' id='block_1_4' title="bbox 584 741 1232 856">
    <p class='ocr_par' dir='ltr' id='par_1_5' title="bbox 584 741 1232 856">
     <span class='ocr_line' id='line_1_13' title="bbox 805 741 1232 774; baseline 0 0"><span class='ocrx_word' id='word_1_54' title='bbox 805 742 827 774; x_wconf 95' lang='lat' dir='ltr'>ll</span> <span class='ocrx_word' id='word_1_55' title='bbox 852 741 942 774; x_wconf 88' lang='lat' dir='ltr'>Card.</span> <span class='ocrx_word' id='word_1_56' title='bbox 967 742 1232 774; x_wconf 63' lang='lat' dir='ltr'>ALnossnANmivo.</span> 
     </span>
     <span class='ocr_line' id='line_1_14' title="bbox 584 813 936 856; baseline -0.003 -10"><span class='ocrx_word' id='word_1_57' title='bbox 584 814 707 856; x_wconf 80' lang='lat' dir='ltr'>(Luogo</span> <span class='ocrx_word' id='word_1_58' title='bbox 727 813 777 846; x_wconf 85' lang='lat' dir='ltr'>del</span> <span class='ocrx_word' id='word_1_59' title='bbox 800 813 936 856; x_wconf 79' lang='lat' dir='ltr'>Sigillo).</span> 
     </span>
    </p>
   </div>
   <div class='ocr_carea' id='block_1_5' title="bbox 805 885 1188 926">
    <p class='ocr_par' dir='ltr' id='par_1_6' title="bbox 805 885 1188 926">
     <span class='ocr_line' id='line_1_15' title="bbox 805 885 1188 926; baseline 0.003 -9"><span class='ocrx_word' id='word_1_60' title='bbox 805 885 949 918; x_wconf 88' lang='lat' dir='ltr'>Erminio</span> <span class='ocrx_word' id='word_1_61' title='bbox 963 885 1097 926; x_wconf 83' lang='lat' dir='ltr'>Valenti,</span> <span class='ocrx_word' id='word_1_62' title='bbox 1111 896 1188 918; x_wconf 83' lang='lat' dir='ltr'>secr.</span> 
     </span>
    </p>
   </div>
   <div class='ocr_carea' id='block_1_6' title="bbox 490 991 1237 2470">
    <p class='ocr_par' dir='ltr' id='par_1_7' title="bbox 490 991 1237 2470">
     <span class='ocr_line' id='line_1_16' title="bbox 550 991 1232 1035; baseline -0.001 -10"><span class='ocrx_word' id='word_1_63' title='bbox 550 994 566 1034; x_wconf 61' lang='lat' dir='ltr'>g</span> <span class='ocrx_word' id='word_1_64' title='bbox 596 992 625 1025; x_wconf 65' lang='lat'>2.</span> <span class='ocrx_word' id='word_1_65' title='bbox 662 992 724 1025; x_wconf 79' lang='lat' dir='ltr'>Nos</span> <span class='ocrx_word' id='word_1_66' title='bbox 756 992 922 1035; x_wconf 90' lang='lat' dir='ltr'>cupientes</span> <span class='ocrx_word' id='word_1_67' title='bbox 953 991 1232 1032; x_wconf 69' lang='lat' dir='ltr'>moderationem,</span> 
     </span>
     <span class='ocr_line' id='line_1_17' title="bbox 494 1044 1237 1088; baseline 0 -10"><span class='ocrx_word' id='word_1_68' title='bbox 494 1045 738 1085; x_wconf 78' lang='lat' dir='ltr'>reductionem,</span> <span class='ocrx_word' id='word_1_69' title='bbox 768 1044 1028 1088; x_wconf 80' lang='lat' dir='ltr'>suppressionem</span> <span class='ocrx_word' id='word_1_70' title='bbox 1059 1050 1090 1078; x_wconf 87' lang='lat' dir='ltr'>et</span> <span class='ocrx_word' id='word_1_71' title='bbox 1119 1045 1237 1087; x_wconf 79' lang='lat' dir='ltr'>gratias</span> 
     </span>
     <span class='ocr_line' id='line_1_18' title="bbox 493 1097 1237 1140; baseline -0.001 -9"><span class='ocrx_word' id='word_1_72' title='bbox 493 1098 654 1131; x_wconf 84' lang='lat' dir='ltr'>datiorum</span> <span class='ocrx_word' id='word_1_73' title='bbox 681 1104 712 1131; x_wconf 85' lang='lat' dir='ltr'>ct</span> <span class='ocrx_word' id='word_1_74' title='bbox 741 1098 941 1140; x_wconf 74' lang='lat' dir='ltr'>gabellarum</span> <span class='ocrx_word' id='word_1_75' title='bbox 974 1097 1178 1138; x_wconf 85' lang='lat' dir='ltr'>huiusmodi,</span> <span class='ocrx_word' id='word_1_76' title='bbox 1202 1103 1237 1130; x_wconf 87' lang='lat' dir='ltr'>ut</span> 
     </span>
     <span class='ocr_line' id='line_1_19' title="bbox 493 1151 1236 1196; baseline 0 -12"><span class='ocrx_word' id='word_1_77' title='bbox 493 1151 731 1196; x_wconf 86' lang='lat' dir='ltr'>praemittitur,</span> <span class='ocrx_word' id='word_1_78' title='bbox 757 1152 874 1189; x_wconf 76' lang='lat' dir='ltr'>saetas,</span> <span class='ocrx_word' id='word_1_79' title='bbox 898 1157 1053 1195; x_wconf 86' lang='lat' dir='ltr'>perpetua</span> <span class='ocrx_word' id='word_1_80' title='bbox 1083 1151 1236 1184; x_wconf 86' lang='lat' dir='ltr'>firmitate</span> 
     </span>
     <span class='ocr_line' id='line_1_20' title="bbox 493 1204 1237 1248; baseline -0.001 -10"><span class='ocrx_word' id='word_1_81' title='bbox 493 1205 676 1245; x_wconf 70' lang='lat' dir='ltr'>subsistere,</span> <span class='ocrx_word' id='word_1_82' title='bbox 693 1215 728 1238; x_wconf 87' lang='lat' dir='ltr'>ac</span> <span class='ocrx_word' id='word_1_83' title='bbox 747 1205 831 1237; x_wconf 86' lang='lat' dir='ltr'>cives</span> <span class='ocrx_word' id='word_1_84' title='bbox 852 1210 883 1237; x_wconf 87' lang='lat' dir='ltr'>et</span> <span class='ocrx_word' id='word_1_85' title='bbox 899 1206 1037 1248; x_wconf 87' lang='lat' dir='ltr'>populos</span> <span class='ocrx_word' id='word_1_86' title='bbox 1057 1204 1192 1238; x_wconf 82' lang='lat' dir='ltr'>civitatis</span> <span class='ocrx_word' id='word_1_87' title='bbox 1206 1210 1237 1238; x_wconf 83' lang='lat' dir='ltr'>et</span> 
     </span>
     <span class='ocr_line' id='line_1_21' title="bbox 493 1257 1235 1302; baseline 0 -12"><span class='ocrx_word' id='word_1_88' title='bbox 493 1257 628 1290; x_wconf 89' lang='lat' dir='ltr'>dominii</span> <span class='ocrx_word' id='word_1_89' title='bbox 649 1257 902 1301; x_wconf 56' lang='lat' dir='ltr'>praedictorun&#39;n</span> <span class='ocrx_word' id='word_1_90' title='bbox 927 1257 989 1290; x_wconf 87' lang='lat' dir='ltr'>illis</span> <span class='ocrx_word' id='word_1_91' title='bbox 1002 1264 1160 1302; x_wconf 87' lang='lat' dir='ltr'>perpetuo</span> <span class='ocrx_word' id='word_1_92' title='bbox 1173 1258 1235 1291; x_wconf 88' lang='lat' dir='ltr'>srui</span> 
     </span>
     <span class='ocr_line' id='line_1_22' title="bbox 492 1311 1232 1355; baseline 0.001 -12"><span class='ocrx_word' id='word_1_93' title='bbox 492 1318 522 1344; x_wconf 90' lang='lat' dir='ltr'>et</span> <span class='ocrx_word' id='word_1_94' title='bbox 543 1312 694 1352; x_wconf 69' lang='lat' dir='ltr'>gaudere,</span> <span class='ocrx_word' id='word_1_95' title='bbox 723 1322 759 1344; x_wconf 88' lang='lat' dir='ltr'>ac</span> <span class='ocrx_word' id='word_1_96' title='bbox 780 1311 910 1344; x_wconf 91' lang='lat' dir='ltr'>cosdem</span> <span class='ocrx_word' id='word_1_97' title='bbox 931 1311 1016 1345; x_wconf 88' lang='lat' dir='ltr'>cives</span> <span class='ocrx_word' id='word_1_98' title='bbox 1034 1317 1064 1344; x_wconf 89' lang='lat' dir='ltr'>et</span> <span class='ocrx_word' id='word_1_99' title='bbox 1085 1312 1232 1355; x_wconf 84' lang='lat' dir='ltr'>populos,</span> 
     </span>
     <span class='ocr_line' id='line_1_23' title="bbox 492 1364 1234 1408; baseline 0 -11"><span class='ocrx_word' id='word_1_100' title='bbox 492 1365 704 1408; x_wconf 78' lang='lat' dir='ltr'><strong>amplioribus</strong></span> <span class='ocrx_word' id='word_1_101' title='bbox 726 1364 885 1398; x_wconf 77' lang='lat' dir='ltr'>favoribus</span> <span class='ocrx_word' id='word_1_102' title='bbox 910 1370 940 1397; x_wconf 91' lang='lat' dir='ltr'>et</span> <span class='ocrx_word' id='word_1_103' title='bbox 960 1364 1070 1406; x_wconf 70' lang='lat' dir='ltr'>gratiis</span> <span class='ocrx_word' id='word_1_104' title='bbox 1082 1364 1234 1408; x_wconf 86' lang='lat' dir='ltr'>prosequi</span> 
     </span>
     <span class='ocr_line' id='line_1_24' title="bbox 493 1418 1235 1461; baseline -0.001 -10"><span class='ocrx_word' id='word_1_105' title='bbox 493 1419 654 1458; x_wconf 84' lang='lat' dir='ltr'>volentes,</span> <span class='ocrx_word' id='word_1_106' title='bbox 683 1418 898 1461; x_wconf 85' lang='lat' dir='ltr'>praeinsertas</span> <span class='ocrx_word' id='word_1_107' title='bbox 929 1418 1092 1451; x_wconf 85' lang='lat' dir='ltr'>datiorum</span> <span class='ocrx_word' id='word_1_108' title='bbox 1117 1423 1149 1451; x_wconf 90' lang='lat' dir='ltr'>et</span> <span class='ocrx_word' id='word_1_109' title='bbox 1180 1429 1235 1461; x_wconf 79' lang='lat' dir='ltr'>ga-</span> 
     </span>
     <span class='ocr_line' id='line_1_25' title="bbox 493 1470 1232 1511; baseline -0.001 -8"><span class='ocrx_word' id='word_1_110' title='bbox 493 1472 650 1504; x_wconf 81' lang='lat' dir='ltr'>bcllarum</span> <span class='ocrx_word' id='word_1_111' title='bbox 683 1470 958 1511; x_wconf 72' lang='lat' dir='ltr'>moderationem,</span> <span class='ocrx_word' id='word_1_112' title='bbox 994 1471 1232 1511; x_wconf 86' lang='lat' dir='ltr'>reductionem,</span> 
     </span>
     <span class='ocr_line' id='line_1_26' title="bbox 492 1524 1236 1568; baseline -0.001 -10"><span class='ocrx_word' id='word_1_113' title='bbox 492 1524 753 1568; x_wconf 74' lang='lat' dir='ltr'>suppressionem</span> <span class='ocrx_word' id='word_1_114' title='bbox 795 1530 823 1557; x_wconf 87' lang='lat' dir='ltr'>et</span> <span class='ocrx_word' id='word_1_115' title='bbox 860 1524 998 1566; x_wconf 72' lang='lat' dir='ltr'>gratias,</span> <span class='ocrx_word' id='word_1_116' title='bbox 1044 1524 1236 1558; x_wconf 89' lang='lat' dir='ltr'>auctoritate</span> 
     </span>
     <span class='ocr_line' id='line_1_27' title="bbox 493 1577 1236 1621; baseline 0 -11"><span class='ocrx_word' id='word_1_117' title='bbox 493 1577 680 1621; x_wconf 82' lang='lat' dir='ltr'>apostolica,</span> <span class='ocrx_word' id='word_1_118' title='bbox 700 1583 810 1610; x_wconf 86' lang='lat' dir='ltr'>tenore</span> <span class='ocrx_word' id='word_1_119' title='bbox 831 1577 1060 1621; x_wconf 83' lang='lat' dir='ltr'>praesentium,</span> <span class='ocrx_word' id='word_1_120' title='bbox 1080 1583 1236 1621; x_wconf 78' lang='lat' dir='ltr'>perpetuo</span> 
     </span>
     <span class='ocr_line' id='line_1_28' title="bbox 493 1630 1236 1675; baseline 0.003 -13"><span class='ocrx_word' id='word_1_121' title='bbox 493 1631 725 1664; x_wconf 70' lang='lat' dir='ltr'>confirmamus</span> <span class='ocrx_word' id='word_1_122' title='bbox 739 1635 769 1663; x_wconf 84' lang='lat' dir='ltr'>et</span> <span class='ocrx_word' id='word_1_123' title='bbox 783 1631 1012 1674; x_wconf 78' lang='lat' dir='ltr'>approbamus,</span> <span class='ocrx_word' id='word_1_124' title='bbox 1026 1630 1151 1674; x_wconf 84' lang='lat' dir='ltr'>illisque</span> <span class='ocrx_word' id='word_1_125' title='bbox 1165 1642 1236 1675; x_wconf 88' lang='lat' dir='ltr'>per-</span> 
     </span>
     <span class='ocr_line' id='line_1_29' title="bbox 493 1683 1236 1728; baseline 0.003 -13"><span class='ocrx_word' id='word_1_126' title='bbox 493 1690 607 1728; x_wconf 86' lang='lat' dir='ltr'>petuae</span> <span class='ocrx_word' id='word_1_127' title='bbox 627 1689 655 1717; x_wconf 88' lang='lat' dir='ltr'>et</span> <span class='ocrx_word' id='word_1_128' title='bbox 681 1683 872 1716; x_wconf 82' lang='lat' dir='ltr'>inviolabilis</span> <span class='ocrx_word' id='word_1_129' title='bbox 892 1683 1087 1727; x_wconf 84' lang='lat' dir='ltr'>apostolieae</span> <span class='ocrx_word' id='word_1_130' title='bbox 1102 1684 1236 1717; x_wconf 73' lang='lat' dir='ltr'>sirmita-</span> 
     </span>
     <span class='ocr_line' id='line_1_30' title="bbox 494 1737 1235 1779; baseline -0.001 -8"><span class='ocrx_word' id='word_1_131' title='bbox 494 1739 530 1771; x_wconf 90' lang='lat' dir='ltr'>tis</span> <span class='ocrx_word' id='word_1_132' title='bbox 551 1738 650 1771; x_wconf 90' lang='lat' dir='ltr'>robur</span> <span class='ocrx_word' id='word_1_133' title='bbox 670 1737 851 1778; x_wconf 84' lang='lat' dir='ltr'>adiicimus,</span> <span class='ocrx_word' id='word_1_134' title='bbox 864 1748 900 1769; x_wconf 86' lang='lat' dir='ltr'>ac</span> <span class='ocrx_word' id='word_1_135' title='bbox 916 1748 1028 1770; x_wconf 88' lang='lat' dir='ltr'>omnes</span> <span class='ocrx_word' id='word_1_136' title='bbox 1048 1742 1079 1770; x_wconf 91' lang='lat' dir='ltr'>ct</span> <span class='ocrx_word' id='word_1_137' title='bbox 1092 1737 1235 1779; x_wconf 77' lang='lat' dir='ltr'>singulos</span> 
     </span>
     <span class='ocr_line' id='line_1_31' title="bbox 493 1790 1235 1834; baseline 0 -10"><span class='ocrx_word' id='word_1_138' title='bbox 493 1791 571 1825; x_wconf 87' lang='lat' dir='ltr'>iuris</span> <span class='ocrx_word' id='word_1_139' title='bbox 589 1797 619 1823; x_wconf 84' lang='lat' dir='ltr'>et</span> <span class='ocrx_word' id='word_1_140' title='bbox 641 1791 712 1823; x_wconf 61' lang='lat' dir='ltr'>sau-ti</span> <span class='ocrx_word' id='word_1_141' title='bbox 727 1818 734 1831; x_wconf 79' lang='lat'>,</span> <span class='ocrx_word' id='word_1_142' title='bbox 758 1796 810 1823; x_wconf 81' lang='lat' dir='ltr'>aut</span> <span class='ocrx_word' id='word_1_143' title='bbox 833 1790 913 1823; x_wconf 86' lang='lat' dir='ltr'>alios</span> <span class='ocrx_word' id='word_1_144' title='bbox 938 1800 1161 1834; x_wconf 84' lang='lat' dir='ltr'>quoscumque</span> <span class='ocrx_word' id='word_1_145' title='bbox 1181 1791 1235 1824; x_wconf 88' lang='lat' dir='ltr'>de-</span> 
     </span>
     <span class='ocr_line' id='line_1_32' title="bbox 492 1843 1230 1887; baseline -0.001 -10"><span class='ocrx_word' id='word_1_146' title='bbox 492 1846 601 1883; x_wconf 74' lang='lat' dir='ltr'>sectus,</span> <span class='ocrx_word' id='word_1_147' title='bbox 624 1844 649 1876; x_wconf 89' lang='lat' dir='ltr'>si</span> <span class='ocrx_word' id='word_1_148' title='bbox 676 1844 729 1887; x_wconf 82' lang='lat' dir='ltr'>qui</span> <span class='ocrx_word' id='word_1_149' title='bbox 763 1843 792 1876; x_wconf 91' lang='lat' dir='ltr'>in</span> <span class='ocrx_word' id='word_1_150' title='bbox 824 1843 944 1876; x_wconf 73' lang='lat' dir='ltr'>eisdem</span> <span class='ocrx_word' id='word_1_151' title='bbox 978 1843 1230 1883; x_wconf 84' lang='lat' dir='ltr'>intervenerint,</span> 
     </span>
     <span class='ocr_line' id='line_1_33' title="bbox 490 1896 1230 1941; baseline -0.001 -11"><span class='ocrx_word' id='word_1_152' title='bbox 490 1898 692 1941; x_wconf 69' lang='lat' dir='ltr'>supplemus-3</span> <span class='ocrx_word' id='word_1_153' title='bbox 717 1902 742 1929; x_wconf 73' lang='lat' dir='ltr'>ct</span> <span class='ocrx_word' id='word_1_154' title='bbox 767 1896 977 1928; x_wconf 80' lang='lat' dir='ltr'>nihilominus</span> <span class='ocrx_word' id='word_1_155' title='bbox 1006 1896 1091 1929; x_wconf 85' lang='lat' dir='ltr'>datia</span> <span class='ocrx_word' id='word_1_156' title='bbox 1115 1902 1146 1929; x_wconf 92' lang='lat' dir='ltr'>et</span> <span class='ocrx_word' id='word_1_157' title='bbox 1173 1907 1230 1939; x_wconf 74' lang='lat' dir='ltr'>ga-</span> 
     </span>
     <span class='ocr_line' id='line_1_34' title="bbox 492 1950 1232 1994; baseline -0.001 -11"><span class='ocrx_word' id='word_1_158' title='bbox 492 1952 590 1983; x_wconf 77' lang='lat' dir='ltr'>bcllas</span> <span class='ocrx_word' id='word_1_159' title='bbox 620 1961 719 1994; x_wconf 81' lang='lat' dir='ltr'>supra</span> <span class='ocrx_word' id='word_1_160' title='bbox 743 1960 909 1993; x_wconf 71' lang='lat' dir='ltr'>expressas</span> <span class='ocrx_word' id='word_1_161' title='bbox 935 1950 1055 1983; x_wconf 79' lang='lat' dir='ltr'>eisdem</span> <span class='ocrx_word' id='word_1_162' title='bbox 1086 1950 1183 1984; x_wconf 88' lang='lat' dir='ltr'>modo</span> <span class='ocrx_word' id='word_1_163' title='bbox 1204 1956 1232 1983; x_wconf 89' lang='lat' dir='ltr'>ct</span> 
     </span>
     <span class='ocr_line' id='line_1_35' title="bbox 492 2002 1233 2046; baseline -0.001 -10"><span class='ocrx_word' id='word_1_164' title='bbox 492 2006 612 2043; x_wconf 72' lang='lat' dir='ltr'>soi-ma,</span> <span class='ocrx_word' id='word_1_165' title='bbox 642 2003 672 2035; x_wconf 91' lang='lat' dir='ltr'>in</span> <span class='ocrx_word' id='word_1_166' title='bbox 703 2002 853 2035; x_wconf 81' lang='lat' dir='ltr'>omnibus</span> <span class='ocrx_word' id='word_1_167' title='bbox 879 2008 909 2035; x_wconf 88' lang='lat' dir='ltr'>ct</span> <span class='ocrx_word' id='word_1_168' title='bbox 940 2013 997 2046; x_wconf 86' lang='lat' dir='ltr'>per</span> <span class='ocrx_word' id='word_1_169' title='bbox 1025 2003 1134 2035; x_wconf 89' lang='lat' dir='ltr'>omnia</span> <span class='ocrx_word' id='word_1_170' title='bbox 1164 2013 1233 2036; x_wconf 94' lang='lat' dir='ltr'>mo-</span> 
     </span>
     <span class='ocr_line' id='line_1_36' title="bbox 491 2056 1229 2099; baseline -0.003 -8"><span class='ocrx_word' id='word_1_171' title='bbox 491 2060 643 2091; x_wconf 72' lang='lat' dir='ltr'>deramur</span> <span class='ocrx_word' id='word_1_172' title='bbox 657 2084 664 2097; x_wconf 89' lang='lat'>,</span> <span class='ocrx_word' id='word_1_173' title='bbox 685 2056 891 2095; x_wconf 87' lang='lat' dir='ltr'>reducimus,</span> <span class='ocrx_word' id='word_1_174' title='bbox 912 2056 1097 2099; x_wconf 80' lang='lat' dir='ltr'>supprimas</span> <span class='ocrx_word' id='word_1_175' title='bbox 1122 2062 1152 2089; x_wconf 86' lang='lat' dir='ltr'>ct</span> <span class='ocrx_word' id='word_1_176' title='bbox 1178 2067 1229 2089; x_wconf 88' lang='lat' dir='ltr'>re-</span> 
     </span>
     <span class='ocr_line' id='line_1_37' title="bbox 490 2108 1229 2155; baseline -0.004 -12"><span class='ocrx_word' id='word_1_177' title='bbox 490 2111 629 2155; x_wconf 71' lang='lat' dir='ltr'>spective</span> <span class='ocrx_word' id='word_1_178' title='bbox 650 2109 872 2142; x_wconf 69' lang='lat' dir='ltr'>communitati</span> <span class='ocrx_word' id='word_1_179' title='bbox 894 2115 924 2142; x_wconf 93' lang='lat' dir='ltr'>et</span> <span class='ocrx_word' id='word_1_180' title='bbox 945 2108 1131 2142; x_wconf 85' lang='lat' dir='ltr'>bominibus</span> <span class='ocrx_word' id='word_1_181' title='bbox 1151 2109 1229 2142; x_wconf 88' lang='lat' dir='ltr'>civi-</span> 
     </span>
     <span class='ocr_line' id='line_1_38' title="bbox 492 2163 1232 2206; baseline -0.009 -8"><span class='ocrx_word' id='word_1_182' title='bbox 492 2165 562 2198; x_wconf 78' lang='lat' dir='ltr'>tatis</span> <span class='ocrx_word' id='word_1_183' title='bbox 583 2163 884 2199; x_wconf 74' lang='lat' dir='ltr'>Ferrariensis(sinc</span> <span class='ocrx_word' id='word_1_184' title='bbox 904 2168 1008 2195; x_wconf 83' lang='lat' dir='ltr'>tamen</span> <span class='ocrx_word' id='word_1_185' title='bbox 1031 2163 1138 2206; x_wconf 79' lang='lat' dir='ltr'>aliquo</span> <span class='ocrx_word' id='word_1_186' title='bbox 1159 2174 1232 2196; x_wconf 71' lang='lat' dir='ltr'>cae-</span> 
     </span>
     <span class='ocr_line' id='line_1_39' title="bbox 491 2216 1233 2258; baseline -0.004 -7"><span class='ocrx_word' id='word_1_187' title='bbox 491 2225 631 2251; x_wconf 82' lang='lat' dir='ltr'>terarum</span> <span class='ocrx_word' id='word_1_188' title='bbox 653 2217 828 2258; x_wconf 65' lang='lat' dir='ltr'>gratiarum</span> <span class='ocrx_word' id='word_1_189' title='bbox 851 2221 879 2248; x_wconf 83' lang='lat' dir='ltr'>et</span> <span class='ocrx_word' id='word_1_190' title='bbox 901 2216 1146 2249; x_wconf 66' lang='lat' dir='ltr'>concessionum</span> <span class='ocrx_word' id='word_1_191' title='bbox 1172 2216 1233 2248; x_wconf 85' lang='lat' dir='ltr'>illis</span> 
     </span>
     <span class='ocr_line' id='line_1_40' title="bbox 491 2269 1232 2315; baseline 0 -13"><span class='ocrx_word' id='word_1_192' title='bbox 491 2283 547 2315; x_wconf 73' lang='lat' dir='ltr'>pcr</span> <span class='ocrx_word' id='word_1_193' title='bbox 567 2281 625 2303; x_wconf 85' lang='lat' dir='ltr'>nos</span> <span class='ocrx_word' id='word_1_194' title='bbox 643 2271 795 2302; x_wconf 76' lang='lat' dir='ltr'>stictarum</span> <span class='ocrx_word' id='word_1_195' title='bbox 819 2269 1034 2313; x_wconf 54' lang='lat' dir='ltr'>ptuit-iudicio)</span> <span class='ocrx_word' id='word_1_196' title='bbox 1059 2269 1232 2313; x_wconf 68' lang='lat' dir='ltr'>respective</span> 
     </span>
     <span class='ocr_line' id='line_1_41' title="bbox 490 2323 1228 2364; baseline 0 -9"><span class='ocrx_word' id='word_1_197' title='bbox 490 2325 708 2362; x_wconf 62' lang='lat' dir='ltr'>concedimus,</span> <span class='ocrx_word' id='word_1_198' title='bbox 737 2325 896 2356; x_wconf 77' lang='lat' dir='ltr'>donamus</span> <span class='ocrx_word' id='word_1_199' title='bbox 917 2329 944 2355; x_wconf 85' lang='lat' dir='ltr'>ct</span> <span class='ocrx_word' id='word_1_200' title='bbox 969 2323 1154 2364; x_wconf 64' lang='lat' dir='ltr'>elargimur,</span> <span class='ocrx_word' id='word_1_201' title='bbox 1172 2333 1228 2355; x_wconf 79' lang='lat' dir='ltr'>vo-</span> 
     </span>
     <span class='ocr_line' id='line_1_42' title="bbox 491 2376 1231 2420; baseline -0.003 -9"><span class='ocrx_word' id='word_1_202' title='bbox 491 2379 608 2416; x_wconf 59' lang='lat' dir='ltr'>lentes,</span> <span class='ocrx_word' id='word_1_203' title='bbox 643 2389 679 2409; x_wconf 83' lang='lat' dir='ltr'>ac</span> <span class='ocrx_word' id='word_1_204' title='bbox 711 2378 822 2410; x_wconf 67' lang='lat' dir='ltr'>exulem</span> <span class='ocrx_word' id='word_1_205' title='bbox 854 2376 1045 2409; x_wconf 77' lang='lat' dir='ltr'>auctoritate</span> <span class='ocrx_word' id='word_1_206' title='bbox 1076 2382 1231 2420; x_wconf 71' lang='lat' dir='ltr'>perpetuo</span> 
     </span>
     <span class='ocr_line' id='line_1_43' title="bbox 491 2429 1228 2470; baseline 0 -8"><span class='ocrx_word' id='word_1_207' title='bbox 491 2436 675 2469; x_wconf 63' lang='lat' dir='ltr'>statuenti-s,</span> <span class='ocrx_word' id='word_1_208' title='bbox 700 2430 970 2470; x_wconf 74' lang='lat' dir='ltr'>niotlcinlioncm,</span> <span class='ocrx_word' id='word_1_209' title='bbox 996 2429 1228 2469; x_wconf 65' lang='lat' dir='ltr'>reductionem,</span> 
     </span>
    </p>
   </div>
   <div class='ocr_carea' id='block_1_7' title="bbox 490 2483 1249 2527">
    <p class='ocr_par' dir='ltr' id='par_1_8' title="bbox 490 2483 1249 2527">
     <span class='ocr_line' id='line_1_44' title="bbox 490 2483 1249 2527; baseline -0.003 -12"><span class='ocrx_word' id='word_1_210' title='bbox 490 2484 748 2527; x_wconf 57' lang='lat' dir='ltr'>suppressionem</span> <span class='ocrx_word' id='word_1_211' title='bbox 785 2490 816 2516; x_wconf 83' lang='lat' dir='ltr'>ct</span> <span class='ocrx_word' id='word_1_212' title='bbox 853 2483 971 2524; x_wconf 61' lang='lat' dir='ltr'>gratias</span> <span class='ocrx_word' id='word_1_213' title='bbox 1004 2483 1164 2515; x_wconf 77' lang='lat' dir='ltr'>«latiorum</span> <span class='ocrx_word' id='word_1_214' title='bbox 1202 2488 1249 2515; x_wconf 55' lang='grc' dir='ltr'>υἱ,</span> 
     </span>
    </p>
   </div>
   <div class='ocr_carea' id='block_1_8' title="bbox 490 2537 1230 2686">
    <p class='ocr_par' dir='ltr' id='par_1_9' title="bbox 490 2537 1230 2686">
     <span class='ocr_line' id='line_1_45' title="bbox 490 2537 1230 2580; baseline 0 -13"><span class='ocrx_word' id='word_1_215' title='bbox 490 2537 686 2575; x_wconf 45' lang='lat' dir='ltr'>fabellarum</span> <span class='ocrx_word' id='word_1_216' title='bbox 708 2547 804 2579; x_wconf 77' lang='lat' dir='ltr'>supra</span> <span class='ocrx_word' id='word_1_217' title='bbox 825 2546 1060 2580; x_wconf 63' lang='lat' dir='ltr'>expressarum,</span> <span class='ocrx_word' id='word_1_218' title='bbox 1075 2541 1230 2579; x_wconf 74' lang='lat' dir='ltr'>perpetuo</span> 
     </span>
     <span class='ocr_line' id='line_1_46' title="bbox 491 2588 1227 2629; baseline 0.001 -9"><span class='ocrx_word' id='word_1_219' title='bbox 491 2590 629 2629; x_wconf 67' lang='lat' dir='ltr'>validas,</span> <span class='ocrx_word' id='word_1_220' title='bbox 659 2591 766 2621; x_wconf 75' lang='lat' dir='ltr'>lirinus</span> <span class='ocrx_word' id='word_1_221' title='bbox 787 2595 816 2622; x_wconf 85' lang='lat' dir='ltr'>et</span> <span class='ocrx_word' id='word_1_222' title='bbox 837 2590 980 2622; x_wconf 69' lang='lat' dir='ltr'>cllicaccs</span> <span class='ocrx_word' id='word_1_223' title='bbox 1004 2588 1175 2621; x_wconf 70' lang='lat' dir='ltr'>subsistere</span> <span class='ocrx_word' id='word_1_224' title='bbox 1200 2593 1227 2621; x_wconf 85' lang='lat' dir='ltr'>ct</span> 
     </span>
     <span class='ocr_line' id='line_1_47' title="bbox 492 2642 1229 2686; baseline -0.001 -12"><span class='ocrx_word' id='word_1_225' title='bbox 492 2645 569 2679; x_wconf 68' lang='lat' dir='ltr'>toi-v,</span> <span class='ocrx_word' id='word_1_226' title='bbox 595 2654 650 2674; x_wconf 72' lang='lat' dir='ltr'>iic-1·</span> <span class='ocrx_word' id='word_1_227' title='bbox 672 2654 688 2675; x_wconf 86' lang='lat' dir='ltr'>a</span> <span class='ocrx_word' id='word_1_228' title='bbox 710 2655 884 2686; x_wconf 73' lang='lat' dir='ltr'>quoquam,</span> <span class='ocrx_word' id='word_1_229' title='bbox 899 2642 1009 2685; x_wconf 70' lang='lat' dir='ltr'>quavis</span> <span class='ocrx_word' id='word_1_230' title='bbox 1039 2642 1229 2674; x_wconf 75' lang='lat' dir='ltr'>auctoritate</span> 
     </span>
    </p>
   </div>
   <div class='ocr_carea' id='block_1_9' title="bbox 1247 1396 1254 2684">
    <p class='ocr_par' dir='ltr' id='par_1_10' title="bbox 1247 1396 1254 2684">
     <span class='ocr_line' id='line_1_48' title="bbox 1247 1396 1254 2684; baseline 0 0"><span class='ocrx_word' id='word_1_231' title='bbox 1247 1396 1254 2684; x_wconf 95' lang='lat' dir='ltr'> </span> 
     </span>
    </p>
   </div>
   <div class='ocr_carea' id='block_1_10' title="bbox 1082 248 1438 272">
    <p class='ocr_par' dir='ltr' id='par_1_11' title="bbox 1082 248 1438 272">
     <span class='ocr_line' id='line_1_49' title="bbox 1082 248 1438 272; baseline 0 -1"><span class='ocrx_word' id='word_1_232' title='bbox 1082 248 1264 272; x_wconf 76' lang='lat' dir='ltr'>BULLARIUM</span> <span class='ocrx_word' id='word_1_233' title='bbox 1285 248 1438 272; x_wconf 69' lang='lat' dir='ltr'><strong>ROMANUM</strong></span> 
     </span>
    </p>
   </div>
   <div class='ocr_carea' id='block_1_11' title="bbox 1266 295 2015 2365">
    <p class='ocr_par' dir='ltr' id='par_1_12' title="bbox 1275 295 2010 393">
     <span class='ocr_line' id='line_1_50' title="bbox 1275 295 2010 338; baseline 0.001 -11"><span class='ocrx_word' id='word_1_234' title='bbox 1275 296 1455 338; x_wconf 73' lang='lat' dir='ltr'>fungentes,</span> <span class='ocrx_word' id='word_1_235' title='bbox 1480 296 1658 334; x_wconf 81' lang='lat' dir='ltr'>retractari,</span> <span class='ocrx_word' id='word_1_236' title='bbox 1681 296 1830 336; x_wconf 79' lang='lat' dir='ltr'>rescindi,</span> <span class='ocrx_word' id='word_1_237' title='bbox 1846 302 1900 329; x_wconf 89' lang='lat' dir='ltr'>aut</span> <span class='ocrx_word' id='word_1_238' title='bbox 1920 295 2010 328; x_wconf 81' lang='lat' dir='ltr'>inva-</span> 
     </span>
     <span class='ocr_line' id='line_1_51' title="bbox 1275 348 2010 393; baseline 0.001 -13"><span class='ocrx_word' id='word_1_239' title='bbox 1275 348 1380 389; x_wconf 85' lang='lat' dir='ltr'>tidari,</span> <span class='ocrx_word' id='word_1_240' title='bbox 1397 349 1445 381; x_wconf 89' lang='lat' dir='ltr'>vel</span> <span class='ocrx_word' id='word_1_241' title='bbox 1458 349 1618 381; x_wconf 83' lang='lat' dir='ltr'>annullari</span> <span class='ocrx_word' id='word_1_242' title='bbox 1639 358 1770 392; x_wconf 90' lang='lat' dir='ltr'>quoquo</span> <span class='ocrx_word' id='word_1_243' title='bbox 1791 350 1887 382; x_wconf 88' lang='lat' dir='ltr'>modo</span> <span class='ocrx_word' id='word_1_244' title='bbox 1907 359 2010 393; x_wconf 87' lang='lat' dir='ltr'>posse.</span> 
     </span>
    </p>

    <p class='ocr_par' dir='ltr' id='par_1_13' title="bbox 1270 400 2015 1244">
     <span class='ocr_line' id='line_1_52' title="bbox 1318 400 2013 445; baseline 0 -11"><span class='ocrx_word' id='word_1_245' title='bbox 1318 403 1335 443; x_wconf 65' lang='grc' dir='ltr'>ξ</span> <span class='ocrx_word' id='word_1_246' title='bbox 1360 400 1390 434; x_wconf 80' lang='lat'>3.</span> <span class='ocrx_word' id='word_1_247' title='bbox 1420 402 1535 445; x_wconf 83' lang='lat' dir='ltr'>Sicque</span> <span class='ocrx_word' id='word_1_248' title='bbox 1565 407 1597 435; x_wconf 90' lang='lat' dir='ltr'>et</span> <span class='ocrx_word' id='word_1_249' title='bbox 1621 412 1685 434; x_wconf 91' lang='lat' dir='ltr'>non</span> <span class='ocrx_word' id='word_1_250' title='bbox 1717 401 1809 435; x_wconf 79' lang='lat' dir='ltr'>aliter</span> <span class='ocrx_word' id='word_1_251' title='bbox 1829 412 1885 445; x_wconf 85' lang='lat' dir='ltr'>per</span> <span class='ocrx_word' id='word_1_252' title='bbox 1915 412 2013 445; x_wconf 90' lang='lat' dir='ltr'>quos-</span> 
     </span>
     <span class='ocr_line' id='line_1_53' title="bbox 1274 454 2010 498; baseline 0.001 -12"><span class='ocrx_word' id='word_1_253' title='bbox 1274 464 1412 498; x_wconf 84' lang='lat' dir='ltr'>cumque</span> <span class='ocrx_word' id='word_1_254' title='bbox 1430 455 1551 488; x_wconf 86' lang='lat' dir='ltr'>iudices</span> <span class='ocrx_word' id='word_1_255' title='bbox 1572 454 1754 488; x_wconf 88' lang='lat' dir='ltr'>ordinarios</span> <span class='ocrx_word' id='word_1_256' title='bbox 1776 459 1806 488; x_wconf 84' lang='lat' dir='ltr'>et</span> <span class='ocrx_word' id='word_1_257' title='bbox 1826 454 1989 497; x_wconf 78' lang='lat' dir='ltr'>delegatos</span> <span class='ocrx_word' id='word_1_258' title='bbox 2003 482 2010 495; x_wconf 90' lang='lat'>‚</span> 
     </span>
     <span class='ocr_line' id='line_1_54' title="bbox 1273 507 2015 552; baseline 0 -12"><span class='ocrx_word' id='word_1_259' title='bbox 1273 507 1368 540; x_wconf 84' lang='lat' dir='ltr'>etiam</span> <span class='ocrx_word' id='word_1_260' title='bbox 1387 509 1539 542; x_wconf 77' lang='lat' dir='ltr'>Gamerae</span> <span class='ocrx_word' id='word_1_261' title='bbox 1555 508 1758 552; x_wconf 82' lang='lat' dir='ltr'>Apostolicae</span> <span class='ocrx_word' id='word_1_262' title='bbox 1778 507 1912 541; x_wconf 76' lang='lat' dir='ltr'>clericos</span> <span class='ocrx_word' id='word_1_263' title='bbox 1923 518 2015 551; x_wconf 86' lang='lat' dir='ltr'>prae-</span> 
     </span>
     <span class='ocr_line' id='line_1_55' title="bbox 1271 561 2015 602; baseline 0 -8"><span class='ocrx_word' id='word_1_264' title='bbox 1271 561 1412 594; x_wconf 86' lang='lat' dir='ltr'>sidentes</span> <span class='ocrx_word' id='word_1_265' title='bbox 1427 588 1434 601; x_wconf 88' lang='lat'>,</span> <span class='ocrx_word' id='word_1_266' title='bbox 1468 572 1506 595; x_wconf 88' lang='lat' dir='ltr'>ac</span> <span class='ocrx_word' id='word_1_267' title='bbox 1537 561 1772 595; x_wconf 84' lang='lat' dir='ltr'>thesaurarium</span> <span class='ocrx_word' id='word_1_268' title='bbox 1789 589 1796 602; x_wconf 87' lang='lat'>‚</span> <span class='ocrx_word' id='word_1_269' title='bbox 1819 566 1852 594; x_wconf 85' lang='lat' dir='ltr'>et</span> <span class='ocrx_word' id='word_1_270' title='bbox 1880 561 2015 595; x_wconf 80' lang='lat' dir='ltr'>Sanctae</span> 
     </span>
     <span class='ocr_line' id='line_1_56' title="bbox 1271 614 2015 658; baseline -0.003 -10"><span class='ocrx_word' id='word_1_271' title='bbox 1271 615 1436 649; x_wconf 86' lang='lat' dir='ltr'>Romanae</span> <span class='ocrx_word' id='word_1_272' title='bbox 1464 615 1625 648; x_wconf 80' lang='lat' dir='ltr'>Ecclesiae</span> <span class='ocrx_word' id='word_1_273' title='bbox 1654 614 1892 655; x_wconf 85' lang='lat' dir='ltr'>camerarium,</span> <span class='ocrx_word' id='word_1_274' title='bbox 1916 614 2015 658; x_wconf 86' lang='lat' dir='ltr'>ipsius</span> 
     </span>
     <span class='ocr_line' id='line_1_57' title="bbox 1271 667 2015 712; baseline 0 -12"><span class='ocrx_word' id='word_1_275' title='bbox 1271 678 1402 712; x_wconf 87' lang='lat' dir='ltr'>quoque</span> <span class='ocrx_word' id='word_1_276' title='bbox 1422 668 1557 702; x_wconf 84' lang='lat' dir='ltr'>civitatis</span> <span class='ocrx_word' id='word_1_277' title='bbox 1577 674 1608 702; x_wconf 87' lang='lat' dir='ltr'>et</span> <span class='ocrx_word' id='word_1_278' title='bbox 1636 669 1771 702; x_wconf 83' lang='lat' dir='ltr'>ducatus</span> <span class='ocrx_word' id='word_1_279' title='bbox 1800 667 2015 701; x_wconf 84' lang='lat' dir='ltr'>Ferrariensis</span> 
     </span>
     <span class='ocr_line' id='line_1_58' title="bbox 1271 721 2014 765; baseline 0.001 -12"><span class='ocrx_word' id='word_1_280' title='bbox 1271 726 1418 754; x_wconf 89' lang='lat' dir='ltr'>nostrum</span> <span class='ocrx_word' id='word_1_281' title='bbox 1443 727 1473 755; x_wconf 81' lang='lat' dir='ltr'>et</span> <span class='ocrx_word' id='word_1_282' title='bbox 1497 722 1699 765; x_wconf 85' lang='lat' dir='ltr'>Apostolieae</span> <span class='ocrx_word' id='word_1_283' title='bbox 1730 721 1820 755; x_wconf 88' lang='lat' dir='ltr'>Sedis</span> <span class='ocrx_word' id='word_1_284' title='bbox 1849 721 1888 754; x_wconf 90' lang='lat' dir='ltr'>de</span> <span class='ocrx_word' id='word_1_285' title='bbox 1914 721 2014 754; x_wconf 85' lang='lat' dir='ltr'>latere</span> 
     </span>
     <span class='ocr_line' id='line_1_59' title="bbox 1270 773 2013 818; baseline -0.001 -11"><span class='ocrx_word' id='word_1_286' title='bbox 1270 774 1423 816; x_wconf 79' lang='lat' dir='ltr'>legatum,</span> <span class='ocrx_word' id='word_1_287' title='bbox 1447 774 1579 818; x_wconf 87' lang='lat' dir='ltr'>eiusque</span> <span class='ocrx_word' id='word_1_288' title='bbox 1598 774 1822 817; x_wconf 81' lang='lat' dir='ltr'>vicelegatum,</span> <span class='ocrx_word' id='word_1_289' title='bbox 1837 785 1894 807; x_wconf 85' lang='lat' dir='ltr'>seu</span> <span class='ocrx_word' id='word_1_290' title='bbox 1914 773 2013 807; x_wconf 82' lang='lat' dir='ltr'>alium</span> 
     </span>
     <span class='ocr_line' id='line_1_60' title="bbox 1270 826 2014 872; baseline -0.001 -12"><span class='ocrx_word' id='word_1_291' title='bbox 1270 827 1471 871; x_wconf 87' lang='lat' dir='ltr'>superiorem</span> <span class='ocrx_word' id='word_1_292' title='bbox 1502 838 1589 861; x_wconf 86' lang='lat' dir='ltr'>nunc</span> <span class='ocrx_word' id='word_1_293' title='bbox 1619 833 1650 861; x_wconf 89' lang='lat' dir='ltr'>et</span> <span class='ocrx_word' id='word_1_294' title='bbox 1680 838 1740 872; x_wconf 89' lang='lat' dir='ltr'>pro</span> <span class='ocrx_word' id='word_1_295' title='bbox 1772 833 1918 871; x_wconf 84' lang='lat' dir='ltr'>tempore</span> <span class='ocrx_word' id='word_1_296' title='bbox 1949 826 2014 860; x_wconf 83' lang='lat' dir='ltr'>exi-</span> 
     </span>
     <span class='ocr_line' id='line_1_61' title="bbox 1270 880 2013 923; baseline 0.001 -11"><span class='ocrx_word' id='word_1_297' title='bbox 1270 885 1400 920; x_wconf 86' lang='lat' dir='ltr'>stentes,</span> <span class='ocrx_word' id='word_1_298' title='bbox 1414 880 1539 913; x_wconf 83' lang='lat' dir='ltr'>sublata</span> <span class='ocrx_word' id='word_1_299' title='bbox 1552 880 1596 914; x_wconf 89' lang='lat' dir='ltr'>eis</span> <span class='ocrx_word' id='word_1_300' title='bbox 1616 886 1646 914; x_wconf 87' lang='lat' dir='ltr'>et</span> <span class='ocrx_word' id='word_1_301' title='bbox 1663 891 1776 914; x_wconf 88' lang='lat' dir='ltr'>eorum</span> <span class='ocrx_word' id='word_1_302' title='bbox 1791 880 1922 914; x_wconf 77' lang='lat' dir='ltr'>cuilibet</span> <span class='ocrx_word' id='word_1_303' title='bbox 1935 890 2013 923; x_wconf 90' lang='lat' dir='ltr'>qua-</span> 
     </span>
     <span class='ocr_line' id='line_1_62' title="bbox 1270 933 2010 977; baseline -0.001 -10"><span class='ocrx_word' id='word_1_304' title='bbox 1270 933 1316 967; x_wconf 88' lang='lat' dir='ltr'>vis</span> <span class='ocrx_word' id='word_1_305' title='bbox 1336 933 1429 966; x_wconf 89' lang='lat' dir='ltr'>aliter</span> <span class='ocrx_word' id='word_1_306' title='bbox 1456 933 1619 967; x_wconf 90' lang='lat' dir='ltr'>iudicandi</span> <span class='ocrx_word' id='word_1_307' title='bbox 1644 939 1675 967; x_wconf 86' lang='lat' dir='ltr'>et</span> <span class='ocrx_word' id='word_1_308' title='bbox 1704 933 1936 977; x_wconf 86' lang='lat' dir='ltr'>interpretandi</span> <span class='ocrx_word' id='word_1_309' title='bbox 1961 934 2010 966; x_wconf 89' lang='lat' dir='ltr'>sa-</span> 
     </span>
     <span class='ocr_line' id='line_1_63' title="bbox 1270 986 2012 1028; baseline -0.003 -8"><span class='ocrx_word' id='word_1_310' title='bbox 1270 987 1388 1020; x_wconf 81' lang='lat' dir='ltr'>cultate</span> <span class='ocrx_word' id='word_1_311' title='bbox 1409 993 1441 1020; x_wconf 89' lang='lat' dir='ltr'>et</span> <span class='ocrx_word' id='word_1_312' title='bbox 1460 987 1660 1028; x_wconf 84' lang='lat' dir='ltr'>auctoritate,</span> <span class='ocrx_word' id='word_1_313' title='bbox 1685 987 1819 1020; x_wconf 83' lang='lat' dir='ltr'>iudicari</span> <span class='ocrx_word' id='word_1_314' title='bbox 1836 992 1867 1020; x_wconf 87' lang='lat' dir='ltr'>et</span> <span class='ocrx_word' id='word_1_315' title='bbox 1884 986 2012 1020; x_wconf 86' lang='lat' dir='ltr'>definiri</span> 
     </span>
     <span class='ocr_line' id='line_1_64' title="bbox 1271 1039 2013 1084; baseline -0.001 -11"><span class='ocrx_word' id='word_1_316' title='bbox 1271 1040 1409 1081; x_wconf 83' lang='lat' dir='ltr'>debere,</span> <span class='ocrx_word' id='word_1_317' title='bbox 1432 1051 1469 1074; x_wconf 90' lang='lat' dir='ltr'>ac</span> <span class='ocrx_word' id='word_1_318' title='bbox 1495 1040 1621 1073; x_wconf 89' lang='lat' dir='ltr'>irritum</span> <span class='ocrx_word' id='word_1_319' title='bbox 1648 1046 1678 1073; x_wconf 87' lang='lat' dir='ltr'>et</span> <span class='ocrx_word' id='word_1_320' title='bbox 1708 1041 1822 1080; x_wconf 85' lang='lat' dir='ltr'>inane,</span> <span class='ocrx_word' id='word_1_321' title='bbox 1851 1039 2013 1084; x_wconf 86' lang='lat' dir='ltr'>quidquid</span> 
     </span>
     <span class='ocr_line' id='line_1_65' title="bbox 1270 1093 2013 1138; baseline -0.001 -12"><span class='ocrx_word' id='word_1_322' title='bbox 1270 1104 1361 1126; x_wconf 85' lang='lat' dir='ltr'>secus</span> <span class='ocrx_word' id='word_1_323' title='bbox 1380 1104 1479 1137; x_wconf 87' lang='lat' dir='ltr'>super</span> <span class='ocrx_word' id='word_1_324' title='bbox 1503 1094 1552 1127; x_wconf 90' lang='lat' dir='ltr'>his</span> <span class='ocrx_word' id='word_1_325' title='bbox 1580 1104 1598 1127; x_wconf 83' lang='lat' dir='ltr'>a</span> <span class='ocrx_word' id='word_1_326' title='bbox 1618 1104 1781 1138; x_wconf 86' lang='lat' dir='ltr'>quoquam</span> <span class='ocrx_word' id='word_1_327' title='bbox 1798 1121 1804 1132; x_wconf 84' lang='lat'><strong>‚</strong></span> <span class='ocrx_word' id='word_1_328' title='bbox 1825 1093 1937 1137; x_wconf 84' lang='lat' dir='ltr'>quavis</span> <span class='ocrx_word' id='word_1_329' title='bbox 1957 1103 2013 1126; x_wconf 84' lang='lat' dir='ltr'>au-</span> 
     </span>
     <span class='ocr_line' id='line_1_66' title="bbox 1271 1146 2012 1190; baseline -0.001 -10"><span class='ocrx_word' id='word_1_330' title='bbox 1271 1148 1435 1188; x_wconf 88' lang='lat' dir='ltr'>ctoritate,</span> <span class='ocrx_word' id='word_1_331' title='bbox 1458 1147 1596 1181; x_wconf 81' lang='lat' dir='ltr'>scienter</span> <span class='ocrx_word' id='word_1_332' title='bbox 1613 1148 1660 1181; x_wconf 69' lang='lat' dir='ltr'>vel</span> <span class='ocrx_word' id='word_1_333' title='bbox 1680 1148 1887 1190; x_wconf 73' lang='lat' dir='ltr'>ignoranter,</span> <span class='ocrx_word' id='word_1_334' title='bbox 1911 1146 2012 1180; x_wconf 86' lang='lat' dir='ltr'>conti-</span> 
     </span>
     <span class='ocr_line' id='line_1_67' title="bbox 1270 1201 1531 1244; baseline 0 -10"><span class='ocrx_word' id='word_1_335' title='bbox 1270 1201 1352 1244; x_wconf 81' lang='lat' dir='ltr'>gerit</span> <span class='ocrx_word' id='word_1_336' title='bbox 1371 1201 1531 1234; x_wconf 84' lang='lat' dir='ltr'>attentari.</span> 
     </span>
    </p>

    <p class='ocr_par' dir='ltr' id='par_1_14' title="bbox 1268 1254 2014 1836">
     <span class='ocr_line' id='line_1_68' title="bbox 1314 1254 2012 1299; baseline -0.003 -11"><span class='ocrx_word' id='word_1_337' title='bbox 1314 1255 1329 1298; x_wconf 57' lang='grc' dir='ltr'>ᾗ</span> <span class='ocrx_word' id='word_1_338' title='bbox 1349 1255 1574 1288; x_wconf 71' lang='lat' dir='ltr'>4.R1a11dantes</span> <span class='ocrx_word' id='word_1_339' title='bbox 1592 1261 1762 1299; x_wconf 85' lang='lat' dir='ltr'>propterea</span> <span class='ocrx_word' id='word_1_340' title='bbox 1779 1254 1899 1288; x_wconf 83' lang='lat' dir='ltr'>eisdem</span> <span class='ocrx_word' id='word_1_341' title='bbox 1917 1255 2012 1287; x_wconf 85' lang='lat' dir='ltr'>Petro</span> 
     </span>
     <span class='ocr_line' id='line_1_69' title="bbox 1270 1308 2012 1354; baseline -0.003 -12"><span class='ocrx_word' id='word_1_342' title='bbox 1270 1308 1425 1348; x_wconf 79' lang='lat' dir='ltr'>cardinali</span> <span class='ocrx_word' id='word_1_343' title='bbox 1461 1309 1588 1351; x_wconf 78' lang='lat' dir='ltr'>legato,</span> <span class='ocrx_word' id='word_1_344' title='bbox 1621 1315 1650 1342; x_wconf 89' lang='lat' dir='ltr'>et</span> <span class='ocrx_word' id='word_1_345' title='bbox 1680 1309 1814 1343; x_wconf 83' lang='lat' dir='ltr'>Sanctae</span> <span class='ocrx_word' id='word_1_346' title='bbox 1847 1308 2012 1354; x_wconf 85' lang='lat' dir='ltr'>Romanae</span> 
     </span>
     <span class='ocr_line' id='line_1_70' title="bbox 1269 1361 2014 1405; baseline 0 -10"><span class='ocrx_word' id='word_1_347' title='bbox 1269 1362 1429 1395; x_wconf 81' lang='lat' dir='ltr'>Ecclesiae</span> <span class='ocrx_word' id='word_1_348' title='bbox 1447 1362 1638 1400; x_wconf 83' lang='lat' dir='ltr'>camerario,</span> <span class='ocrx_word' id='word_1_349' title='bbox 1662 1362 1795 1405; x_wconf 81' lang='lat' dir='ltr'>eiusque</span> <span class='ocrx_word' id='word_1_350' title='bbox 1820 1361 1961 1403; x_wconf 80' lang='lat' dir='ltr'>collegae</span> <span class='ocrx_word' id='word_1_351' title='bbox 1982 1366 2014 1395; x_wconf 83' lang='lat' dir='ltr'>et</span> 
     </span>
     <span class='ocr_line' id='line_1_71' title="bbox 1271 1414 2009 1457; baseline -0.001 -9"><span class='ocrx_word' id='word_1_352' title='bbox 1271 1416 1456 1457; x_wconf 74' lang='lat' dir='ltr'>vicelegam,</span> <span class='ocrx_word' id='word_1_353' title='bbox 1479 1426 1605 1448; x_wconf 85' lang='lat' dir='ltr'>necnon</span> <span class='ocrx_word' id='word_1_354' title='bbox 1627 1415 1827 1448; x_wconf 81' lang='lat' dir='ltr'>thesaurario</span> <span class='ocrx_word' id='word_1_355' title='bbox 1845 1414 2009 1457; x_wconf 76' lang='lat' dir='ltr'>generali,</span> 
     </span>
     <span class='ocr_line' id='line_1_72' title="bbox 1268 1467 2011 1513; baseline -0.001 -12"><span class='ocrx_word' id='word_1_356' title='bbox 1268 1469 1539 1513; x_wconf 82' lang='lat' dir='ltr'>praesidentilms,</span> <span class='ocrx_word' id='word_1_357' title='bbox 1564 1468 1700 1509; x_wconf 87' lang='lat' dir='ltr'>clericis,</span> <span class='ocrx_word' id='word_1_358' title='bbox 1724 1473 1755 1501; x_wconf 85' lang='lat' dir='ltr'>et</span> <span class='ocrx_word' id='word_1_359' title='bbox 1771 1467 1843 1500; x_wconf 87' lang='lat' dir='ltr'>aliis</span> <span class='ocrx_word' id='word_1_360' title='bbox 1862 1467 2011 1511; x_wconf 87' lang='lat' dir='ltr'>supradi-</span> 
     </span>
     <span class='ocr_line' id='line_1_73' title="bbox 1270 1520 2012 1566; baseline -0.001 -11"><span class='ocrx_word' id='word_1_361' title='bbox 1270 1522 1338 1563; x_wconf 86' lang='lat' dir='ltr'>ctis,</span> <span class='ocrx_word' id='word_1_362' title='bbox 1361 1529 1393 1556; x_wconf 89' lang='lat' dir='ltr'>ut</span> <span class='ocrx_word' id='word_1_363' title='bbox 1417 1522 1590 1566; x_wconf 84' lang='lat' dir='ltr'>praemissa</span> <span class='ocrx_word' id='word_1_364' title='bbox 1622 1521 1730 1554; x_wconf 89' lang='lat' dir='ltr'>omnia</span> <span class='ocrx_word' id='word_1_365' title='bbox 1755 1526 1786 1554; x_wconf 88' lang='lat' dir='ltr'>et</span> <span class='ocrx_word' id='word_1_366' title='bbox 1816 1520 1942 1563; x_wconf 78' lang='lat' dir='ltr'>singula</span> <span class='ocrx_word' id='word_1_367' title='bbox 1972 1521 2012 1554; x_wconf 82' lang='lat' dir='ltr'>ab</span> 
     </span>
     <span class='ocr_line' id='line_1_74' title="bbox 1269 1574 2012 1619; baseline -0.001 -11"><span class='ocrx_word' id='word_1_368' title='bbox 1269 1576 1437 1615; x_wconf 82' lang='lat' dir='ltr'>omnibus,</span> <span class='ocrx_word' id='word_1_369' title='bbox 1457 1576 1497 1609; x_wconf 91' lang='lat' dir='ltr'>ad</span> <span class='ocrx_word' id='word_1_370' title='bbox 1525 1586 1607 1619; x_wconf 87' lang='lat' dir='ltr'>quos</span> <span class='ocrx_word' id='word_1_371' title='bbox 1626 1580 1747 1618; x_wconf 83' lang='lat' dir='ltr'>spectat</span> <span class='ocrx_word' id='word_1_372' title='bbox 1767 1580 1798 1608; x_wconf 88' lang='lat' dir='ltr'>et</span> <span class='ocrx_word' id='word_1_373' title='bbox 1817 1574 1849 1607; x_wconf 92' lang='lat' dir='ltr'>in</span> <span class='ocrx_word' id='word_1_374' title='bbox 1871 1574 2012 1608; x_wconf 82' lang='lat' dir='ltr'>futurum</span> 
     </span>
     <span class='ocr_line' id='line_1_75' title="bbox 1269 1627 2013 1673; baseline -0.003 -11"><span class='ocrx_word' id='word_1_375' title='bbox 1269 1629 1435 1673; x_wconf 67' lang='lat' dir='ltr'>spectabit,</span> <span class='ocrx_word' id='word_1_376' title='bbox 1449 1628 1598 1661; x_wconf 82' lang='lat' dir='ltr'>inviolate</span> <span class='ocrx_word' id='word_1_377' title='bbox 1612 1633 1769 1672; x_wconf 89' lang='lat' dir='ltr'>perpetuo</span> <span class='ocrx_word' id='word_1_378' title='bbox 1782 1627 1947 1661; x_wconf 90' lang='lat' dir='ltr'>observari</span> <span class='ocrx_word' id='word_1_379' title='bbox 1958 1638 2013 1661; x_wconf 90' lang='lat' dir='ltr'>cu-</span> 
     </span>
     <span class='ocr_line' id='line_1_76' title="bbox 1271 1681 2012 1725; baseline -0.001 -10"><span class='ocrx_word' id='word_1_380' title='bbox 1271 1689 1340 1716; x_wconf 88' lang='lat' dir='ltr'>rent</span> <span class='ocrx_word' id='word_1_381' title='bbox 1360 1689 1388 1716; x_wconf 91' lang='lat' dir='ltr'>et</span> <span class='ocrx_word' id='word_1_382' title='bbox 1411 1683 1544 1723; x_wconf 75' lang='lat' dir='ltr'>saciant3</span> <span class='ocrx_word' id='word_1_383' title='bbox 1570 1681 1824 1715; x_wconf 85' lang='lat' dir='ltr'>contradictores</span> <span class='ocrx_word' id='word_1_384' title='bbox 1841 1691 2012 1725; x_wconf 88' lang='lat' dir='ltr'>quoscum-</span> 
     </span>
     <span class='ocr_line' id='line_1_77' title="bbox 1269 1735 2008 1782; baseline -0.001 -12"><span class='ocrx_word' id='word_1_385' title='bbox 1269 1749 1331 1782; x_wconf 86' lang='lat' dir='ltr'>que</span> <span class='ocrx_word' id='word_1_386' title='bbox 1358 1737 1550 1781; x_wconf 85' lang='lat' dir='ltr'>opportunis</span> <span class='ocrx_word' id='word_1_387' title='bbox 1575 1736 1652 1769; x_wconf 89' lang='lat' dir='ltr'>iuris</span> <span class='ocrx_word' id='word_1_388' title='bbox 1683 1742 1713 1769; x_wconf 89' lang='lat' dir='ltr'>et</span> <span class='ocrx_word' id='word_1_389' title='bbox 1745 1735 1817 1769; x_wconf 86' lang='lat' dir='ltr'>sacti</span> <span class='ocrx_word' id='word_1_390' title='bbox 1847 1735 2008 1776; x_wconf 81' lang='lat' dir='ltr'>remediis,</span> 
     </span>
     <span class='ocr_line' id='line_1_78' title="bbox 1269 1790 1962 1836; baseline -0.004 -11"><span class='ocrx_word' id='word_1_391' title='bbox 1269 1791 1483 1836; x_wconf 81' lang='lat' dir='ltr'>appellatione</span> <span class='ocrx_word' id='word_1_392' title='bbox 1504 1790 1692 1834; x_wconf 84' lang='lat' dir='ltr'>postposita,</span> <span class='ocrx_word' id='word_1_393' title='bbox 1715 1790 1962 1833; x_wconf 78' lang='lat' dir='ltr'>compescendo.</span> 
     </span>
    </p>

    <p class='ocr_par' dir='ltr' id='par_1_15' title="bbox 1266 1842 2011 2365">
     <span class='ocr_line' id='line_1_79' title="bbox 1313 1842 2007 1889; baseline -0.003 -12"><span class='ocrx_word' id='word_1_394' title='bbox 1313 1846 1328 1889; x_wconf 57' lang='grc' dir='ltr'>ᾗ</span> <span class='ocrx_word' id='word_1_395' title='bbox 1353 1844 1383 1878; x_wconf 76' lang='grc'>5.</span> <span class='ocrx_word' id='word_1_396' title='bbox 1408 1845 1475 1878; x_wconf 87' lang='lat' dir='ltr'>Non</span> <span class='ocrx_word' id='word_1_397' title='bbox 1507 1843 1708 1877; x_wconf 81' lang='lat' dir='ltr'>obstantibus</span> <span class='ocrx_word' id='word_1_398' title='bbox 1733 1842 1898 1886; x_wconf 88' lang='lat' dir='ltr'>quibusvis</span> <span class='ocrx_word' id='word_1_399' title='bbox 1927 1853 2007 1876; x_wconf 86' lang='lat' dir='ltr'>con-</span> 
     </span>
     <span class='ocr_line' id='line_1_80' title="bbox 1267 1895 2007 1939; baseline -0.003 -9"><span class='ocrx_word' id='word_1_400' title='bbox 1267 1897 1487 1931; x_wconf 88' lang='lat' dir='ltr'>stitutionibus</span> <span class='ocrx_word' id='word_1_401' title='bbox 1500 1903 1529 1930; x_wconf 94' lang='lat' dir='ltr'>et</span> <span class='ocrx_word' id='word_1_402' title='bbox 1543 1896 1802 1929; x_wconf 85' lang='lat' dir='ltr'>ordinationibus</span> <span class='ocrx_word' id='word_1_403' title='bbox 1812 1895 2007 1939; x_wconf 87' lang='lat' dir='ltr'>apostolicis,</span> 
     </span>
     <span class='ocr_line' id='line_1_81' title="bbox 1268 1949 2011 1993; baseline -0.003 -10"><span class='ocrx_word' id='word_1_404' title='bbox 1268 1962 1304 1983; x_wconf 78' lang='lat' dir='ltr'>ac</span> <span class='ocrx_word' id='word_1_405' title='bbox 1322 1950 1456 1983; x_wconf 80' lang='lat' dir='ltr'>civitatis</span> <span class='ocrx_word' id='word_1_406' title='bbox 1477 1955 1504 1982; x_wconf 75' lang='lat' dir='ltr'>ct</span> <span class='ocrx_word' id='word_1_407' title='bbox 1527 1950 1662 1982; x_wconf 81' lang='lat' dir='ltr'>duratus</span> <span class='ocrx_word' id='word_1_408' title='bbox 1682 1949 1935 1993; x_wconf 82' lang='lat' dir='ltr'>praedictorum,</span> <span class='ocrx_word' id='word_1_409' title='bbox 1952 1959 2011 1982; x_wconf 87' lang='lat' dir='ltr'>nec</span> 
     </span>
     <span class='ocr_line' id='line_1_82' title="bbox 1268 2002 2006 2043; baseline -0.003 -6"><span class='ocrx_word' id='word_1_410' title='bbox 1268 2015 1332 2037; x_wconf 91' lang='lat' dir='ltr'>non</span> <span class='ocrx_word' id='word_1_411' title='bbox 1361 2003 1454 2036; x_wconf 90' lang='lat' dir='ltr'>etiam</span> <span class='ocrx_word' id='word_1_412' title='bbox 1487 2003 1638 2035; x_wconf 71' lang='lat' dir='ltr'>Gamerae</span> <span class='ocrx_word' id='word_1_413' title='bbox 1659 2002 1840 2036; x_wconf 89' lang='lat' dir='ltr'>iuramento</span> <span class='ocrx_word' id='word_1_414' title='bbox 1855 2029 1862 2043; x_wconf 86' lang='lat'>,</span> <span class='ocrx_word' id='word_1_415' title='bbox 1885 2002 2006 2036; x_wconf 82' lang='lat' dir='ltr'>contir-</span> 
     </span>
     <span class='ocr_line' id='line_1_83' title="bbox 1269 2055 2009 2100; baseline -0.001 -10"><span class='ocrx_word' id='word_1_416' title='bbox 1269 2057 1409 2090; x_wconf 84' lang='lat' dir='ltr'>matione</span> <span class='ocrx_word' id='word_1_417' title='bbox 1434 2056 1625 2100; x_wconf 80' lang='lat' dir='ltr'>apostolica,</span> <span class='ocrx_word' id='word_1_418' title='bbox 1649 2056 1696 2089; x_wconf 82' lang='lat' dir='ltr'>vel</span> <span class='ocrx_word' id='word_1_419' title='bbox 1725 2055 1837 2100; x_wconf 82' lang='lat' dir='ltr'>quavis</span> <span class='ocrx_word' id='word_1_420' title='bbox 1857 2055 2009 2089; x_wconf 82' lang='lat' dir='ltr'>firmitate</span> 
     </span>
     <span class='ocr_line' id='line_1_84' title="bbox 1267 2108 2005 2149; baseline -0.001 -6"><span class='ocrx_word' id='word_1_421' title='bbox 1267 2110 1328 2143; x_wconf 86' lang='lat' dir='ltr'>alia</span> <span class='ocrx_word' id='word_1_422' title='bbox 1346 2109 1506 2143; x_wconf 84' lang='lat' dir='ltr'>roboratis</span> <span class='ocrx_word' id='word_1_423' title='bbox 1525 2109 1650 2142; x_wconf 84' lang='lat' dir='ltr'>statutis</span> <span class='ocrx_word' id='word_1_424' title='bbox 1664 2114 1694 2142; x_wconf 88' lang='lat' dir='ltr'>et</span> <span class='ocrx_word' id='word_1_425' title='bbox 1707 2108 2005 2149; x_wconf 83' lang='lat' dir='ltr'>consuetudinilms,</span> 
     </span>
     <span class='ocr_line' id='line_1_85' title="bbox 1268 2161 2009 2207; baseline -0.003 -11"><span class='ocrx_word' id='word_1_426' title='bbox 1268 2162 1442 2207; x_wconf 59' lang='lat' dir='ltr'>privilegiis</span> <span class='ocrx_word' id='word_1_427' title='bbox 1477 2173 1628 2206; x_wconf 78' lang='lat' dir='ltr'>quoque,</span> <span class='ocrx_word' id='word_1_428' title='bbox 1667 2161 1798 2195; x_wconf 83' lang='lat' dir='ltr'>indultis</span> <span class='ocrx_word' id='word_1_429' title='bbox 1829 2167 1860 2195; x_wconf 88' lang='lat' dir='ltr'>et</span> <span class='ocrx_word' id='word_1_430' title='bbox 1895 2161 2009 2195; x_wconf 85' lang='lat' dir='ltr'>litteris</span> 
     </span>
     <span class='ocr_line' id='line_1_86' title="bbox 1266 2214 2008 2260; baseline -0.001 -11"><span class='ocrx_word' id='word_1_431' title='bbox 1266 2215 1449 2260; x_wconf 72' lang='lat' dir='ltr'>apostolicis</span> <span class='ocrx_word' id='word_1_432' title='bbox 1470 2215 1654 2259; x_wconf 75' lang='lat' dir='ltr'>quibusvis,</span> <span class='ocrx_word' id='word_1_433' title='bbox 1679 2221 1709 2248; x_wconf 84' lang='lat' dir='ltr'>ct</span> <span class='ocrx_word' id='word_1_434' title='bbox 1738 2214 1927 2259; x_wconf 88' lang='lat' dir='ltr'>praesertim</span> <span class='ocrx_word' id='word_1_435' title='bbox 1952 2215 2008 2248; x_wconf 85' lang='lat' dir='ltr'>Ca-</span> 
     </span>
     <span class='ocr_line' id='line_1_87' title="bbox 1267 2267 2008 2312; baseline -0.001 -10"><span class='ocrx_word' id='word_1_436' title='bbox 1267 2280 1375 2302; x_wconf 74' lang='lat' dir='ltr'>mcrae</span> <span class='ocrx_word' id='word_1_437' title='bbox 1396 2275 1523 2302; x_wconf 85' lang='lat' dir='ltr'>nostrae</span> <span class='ocrx_word' id='word_1_438' title='bbox 1541 2268 1754 2312; x_wconf 76' lang='lat' dir='ltr'>Apostolicac,</span> <span class='ocrx_word' id='word_1_439' title='bbox 1775 2279 1811 2300; x_wconf 75' lang='lat' dir='ltr'>ar</span> <span class='ocrx_word' id='word_1_440' title='bbox 1829 2267 1899 2301; x_wconf 89' lang='lat' dir='ltr'>aliis</span> <span class='ocrx_word' id='word_1_441' title='bbox 1917 2278 2008 2311; x_wconf 83' lang='lat' dir='ltr'>prac-</span> 
     </span>
     <span class='ocr_line' id='line_1_88' title="bbox 1266 2321 2008 2365; baseline -0.001 -10"><span class='ocrx_word' id='word_1_442' title='bbox 1266 2323 1358 2355; x_wconf 74' lang='lat' dir='ltr'>‹lictis</span> <span class='ocrx_word' id='word_1_443' title='bbox 1379 2322 1409 2354; x_wconf 90' lang='lat' dir='ltr'>in</span> <span class='ocrx_word' id='word_1_444' title='bbox 1431 2321 1628 2354; x_wconf 85' lang='lat' dir='ltr'>contrarium</span> <span class='ocrx_word' id='word_1_445' title='bbox 1651 2321 1904 2364; x_wconf 83' lang='lat' dir='ltr'>praemissorum</span> <span class='ocrx_word' id='word_1_446' title='bbox 1927 2331 2008 2365; x_wconf 89' lang='lat' dir='ltr'>quo-</span> 
     </span>
    </p>
   </div>
   <div class='ocr_carea' id='block_1_12' title="bbox 1248 2373 2008 2417">
    <p class='ocr_par' dir='ltr' id='par_1_16' title="bbox 1248 2373 2008 2417">
     <span class='ocr_line' id='line_1_89' title="bbox 1248 2373 2008 2417; baseline -0.004 -10"><span class='ocrx_word' id='word_1_447' title='bbox 1248 2387 1249 2393; x_wconf 58' lang='lat'><em>*</em></span> <span class='ocrx_word' id='word_1_448' title='bbox 1267 2375 1443 2408; x_wconf 77' lang='lat' dir='ltr'>modolilwt</span> <span class='ocrx_word' id='word_1_449' title='bbox 1463 2374 1623 2407; x_wconf 71' lang='lat' dir='ltr'>concessis</span> <span class='ocrx_word' id='word_1_450' title='bbox 1637 2401 1644 2413; x_wconf 82' lang='lat'>,</span> <span class='ocrx_word' id='word_1_451' title='bbox 1668 2373 1867 2406; x_wconf 74' lang='lat' dir='ltr'>coritirmutis</span> <span class='ocrx_word' id='word_1_452' title='bbox 1893 2379 1921 2407; x_wconf 91' lang='lat' dir='ltr'>et</span> <span class='ocrx_word' id='word_1_453' title='bbox 1953 2384 2008 2417; x_wconf 87' lang='lat' dir='ltr'>ap-</span> 
     </span>
    </p>
   </div>
   <div class='ocr_carea' id='block_1_13' title="bbox 1264 2426 2007 2685">
    <p class='ocr_par' dir='ltr' id='par_1_17' title="bbox 1264 2426 2007 2685">
     <span class='ocr_line' id='line_1_90' title="bbox 1266 2426 2004 2472; baseline -0.001 -12"><span class='ocrx_word' id='word_1_454' title='bbox 1266 2428 1422 2472; x_wconf 79' lang='lat' dir='ltr'>probatis3</span> <span class='ocrx_word' id='word_1_455' title='bbox 1457 2428 1573 2471; x_wconf 82' lang='lat' dir='ltr'>quibus</span> <span class='ocrx_word' id='word_1_456' title='bbox 1604 2427 1754 2460; x_wconf 77' lang='lat' dir='ltr'>omuibus</span> <span class='ocrx_word' id='word_1_457' title='bbox 1790 2433 1821 2460; x_wconf 90' lang='lat' dir='ltr'>ct</span> <span class='ocrx_word' id='word_1_458' title='bbox 1852 2426 2004 2469; x_wconf 64' lang='lat' dir='ltr'>singulis,</span> 
     </span>
     <span class='ocr_line' id='line_1_91' title="bbox 1266 2481 2007 2525; baseline 0 -12"><span class='ocrx_word' id='word_1_459' title='bbox 1266 2493 1377 2515; x_wconf 80' lang='lat' dir='ltr'>corum</span> <span class='ocrx_word' id='word_1_460' title='bbox 1401 2488 1526 2514; x_wconf 68' lang='lat' dir='ltr'>tenores</span> <span class='ocrx_word' id='word_1_461' title='bbox 1548 2481 1770 2525; x_wconf 74' lang='lat' dir='ltr'>praesentibus</span> <span class='ocrx_word' id='word_1_462' title='bbox 1792 2492 1851 2524; x_wconf 84' lang='lat' dir='ltr'>pro</span> <span class='ocrx_word' id='word_1_463' title='bbox 1880 2491 2007 2524; x_wconf 71' lang='lat' dir='ltr'>expres-</span> 
     </span>
     <span class='ocr_line' id='line_1_92' title="bbox 1264 2532 2000 2577; baseline -0.004 -9"><span class='ocrx_word' id='word_1_464' title='bbox 1264 2535 1306 2568; x_wconf 80' lang='lat' dir='ltr'>sis</span> <span class='ocrx_word' id='word_1_465' title='bbox 1327 2535 1493 2574; x_wconf 69' lang='lat' dir='ltr'>babentes,</span> <span class='ocrx_word' id='word_1_466' title='bbox 1511 2535 1569 2567; x_wconf 85' lang='lat' dir='ltr'>bac</span> <span class='ocrx_word' id='word_1_467' title='bbox 1590 2535 1656 2567; x_wconf 72' lang='lat' dir='ltr'>vice</span> <span class='ocrx_word' id='word_1_468' title='bbox 1674 2535 1836 2567; x_wconf 81' lang='lat' dir='ltr'>dumtaxat</span> <span class='ocrx_word' id='word_1_469' title='bbox 1859 2532 2000 2577; x_wconf 83' lang='lat' dir='ltr'>speciali-</span> 
     </span>
     <span class='ocr_line' id='line_1_93' title="bbox 1266 2585 2005 2631; baseline -0.005 -10"><span class='ocrx_word' id='word_1_470' title='bbox 1266 2594 1312 2621; x_wconf 84' lang='lat' dir='ltr'>tcr</span> <span class='ocrx_word' id='word_1_471' title='bbox 1341 2594 1367 2621; x_wconf 77' lang='lat' dir='ltr'>rt</span> <span class='ocrx_word' id='word_1_472' title='bbox 1400 2599 1547 2631; x_wconf 66' lang='lat' dir='ltr'>expresse</span> <span class='ocrx_word' id='word_1_473' title='bbox 1569 2588 1779 2628; x_wconf 66' lang='lat' dir='ltr'>‹lt-rogamus,</span> <span class='ocrx_word' id='word_1_474' title='bbox 1808 2585 2005 2629; x_wconf 77' lang='lat' dir='ltr'>caeterisque</span> 
     </span>
     <span class='ocr_line' id='line_1_94' title="bbox 1264 2641 1720 2685; baseline -0.002 -12"><span class='ocrx_word' id='word_1_475' title='bbox 1264 2641 1433 2674; x_wconf 80' lang='lat' dir='ltr'>contrariis</span> <span class='ocrx_word' id='word_1_476' title='bbox 1454 2641 1720 2685; x_wconf 74' lang='lat' dir='ltr'>quiluiscimiqne.</span> 
     </span>
    </p>
   </div>
   <div class='ocr_carea' id='block_1_14' title="bbox 2029 245 2213 274">
    <p class='ocr_par' dir='ltr' id='par_1_18' title="bbox 2029 245 2213 274">
     <span class='ocr_line' id='line_1_95' title="bbox 2029 245 2213 274; baseline 0.005 -1"><span class='ocrx_word' id='word_1_477' title='bbox 2029 246 2080 274; x_wconf 78' lang='lat' dir='ltr'>An.</span> <span class='ocrx_word' id='word_1_478' title='bbox 2098 247 2126 273; x_wconf 81' lang='lat' dir='ltr'>C.</span> <span class='ocrx_word' id='word_1_479' title='bbox 2147 245 2213 274; x_wconf 74' lang='lat'><strong>1600</strong></span> 
     </span>
    </p>
   </div>
   <div class='ocr_carea' id='block_1_15' title="bbox 2067 413 2186 434">
    <p class='ocr_par' dir='ltr' id='par_1_19' title="bbox 2067 413 2186 434">
     <span class='ocr_line' id='line_1_96' title="bbox 2067 413 2186 434; baseline 0 -1"><span class='ocrx_word' id='word_1_480' title='bbox 2067 413 2186 434; x_wconf 72' lang='lat' dir='ltr'>Clausulae.</span> 
     </span>
    </p>
   </div>
   <div class='ocr_carea' id='block_1_16' title="bbox 2027 1245 2227 1313">
    <p class='ocr_par' dir='ltr' id='par_1_20' title="bbox 2027 1245 2227 1313">
     <span class='ocr_line' id='line_1_97' title="bbox 2065 1245 2227 1289; baseline 0.006 -10"><span class='ocrx_word' id='word_1_481' title='bbox 2065 1258 2212 1289; x_wconf 70' lang='lat' dir='ltr'>Exequutores</span> <span class='ocrx_word' id='word_1_482' title='bbox 2225 1245 2227 1250; x_wconf 25' lang='grc' dir='ltr'><em>Α</em></span> 
     </span>
     <span class='ocr_line' id='line_1_98' title="bbox 2027 1286 2226 1313; baseline -0.01 -6"><span class='ocrx_word' id='word_1_483' title='bbox 2027 1286 2132 1313; x_wconf 71' lang='lat' dir='ltr'>deputati.</span> <span class='ocrx_word' id='word_1_484' title='bbox 2224 1290 2226 1294; x_wconf 67' lang='grc'>’</span> 
     </span>
    </p>
   </div>
   <div class='ocr_carea' id='block_1_17' title="bbox 2025 1826 2226 1896">
    <p class='ocr_par' dir='ltr' id='par_1_21' title="bbox 2025 1826 2226 1896">
     <span class='ocr_line' id='line_1_99' title="bbox 2076 1826 2226 1865; baseline 0.013 -2"><span class='ocrx_word' id='word_1_485' title='bbox 2076 1843 2210 1865; x_wconf 73' lang='lat' dir='ltr'>(instantium</span> <span class='ocrx_word' id='word_1_486' title='bbox 2220 1826 2226 1854; x_wconf 39' lang='lat' dir='ltr'>l·</span> 
     </span>
     <span class='ocr_line' id='line_1_100' title="bbox 2025 1869 2225 1896; baseline 0 -5"><span class='ocrx_word' id='word_1_487' title='bbox 2025 1869 2142 1896; x_wconf 72' lang='lat' dir='ltr'>derogatio.</span> <span class='ocrx_word' id='word_1_488' title='bbox 2223 1874 2225 1879; x_wconf 66' lang='lat'><strong>¹</strong></span> 
     </span>
    </p>
   </div>
  </div>
 </body>
</html>
