2253 3195
61 255 112 282 An.
128 254 156 281 C.
175 253 241 280 ¹597

86 1746 234 1772 'transumpto-

50 1778 95 1794 rum
109 1772 169 1793 tides.

869 252 1015 277 CLEMENS
1036 251 1093 275 VIII
1114 251 1163 274 ΓΡ.

258 312 319 344 que
340 300 584 339 efficacioribus,
609 300 836 334 efficacissimis
861 306 892 333 et
910 300 999 332 inso-

258 354 320 386 litis
333 354 484 386 clausulis
497 355 752 398 quomodolibet,
768 354 862 386 etiam
881 353 1001 397 pluries

1331 298 1482 331 CLXXIII.

257 407 427 446 concessis,
451 407 649 440 confirmatis
669 413 697 440 et
726 407 893 439 innovatis.
927 406 1001 444 Qui·
1034 407 1162 439 Poenae
1181 410 1292 438 contra
1315 406 1479 439 Caesarem
1501 406 1665 439 Estensem
1685 406 1777 449 eique

256 461 315 494 hus
336 462 500 501 omnibus,
526 461 648 494 etiamsi
678 472 736 504 pro
756 461 884 493 illorum
906 460 996 492 suffi-

257 514 352 546 cienti
374 514 593 556 derogatione,
618 515 657 546 de
675 514 736 546 illis
756 523 934 556 eorumque
952 517 999 544 to-

256 567 294 600 tis
314 568 480 600 tenoribus
501 567 659 611 specialis,
674 566 833 610 specifica,
851 576 998 609 expressa

255 624 286 651 et
306 620 480 657 individua,
498 631 532 652 ac
548 621 586 652 de
599 620 697 652 verbo
715 620 755 652 ad
772 619 916 656 verbum,
934 628 997 651 non

254 678 360 706 autem
390 684 447 716 per
467 673 625 706 clausulas
645 673 812 715 generales
832 672 917 705 idem
939 671 998 704 im-

253 731 427 769 ponantes,
444 726 565 759 mentio
584 737 638 758 seu
651 726 780 769 quaevis
796 725 857 758 alia
871 735 997 768 expres-

252 779 299 811 sio
330 778 478 811 habenda
493 806 500 819 ,
528 784 583 812 aut
613 779 720 823 aliqua
750 779 813 811 alia
844 778 998 822 exquisita

253 831 356 864 forma
377 832 416 864 ad
437 831 498 864 hoc
518 833 674 865 servanda
692 832 775 864 soret
786 831 895 874 (etiam
910 831 997 874 quod

252 884 284 916 in
305 884 350 917 eis
368 890 517 917 caveatur
537 896 695 928 expresse,
712 885 798 928 quod
820 885 881 917 illis
894 885 998 917 nulla-

253 943 355 978 tenus,
370 938 634 971 autnonnisisub
655 938 749 971 certis
770 939 866 971 modo
887 943 917 970 et
934 938 997 970 for-

252 1002 303 1024 ma
321 992 468 1033 derogari
490 992 625 1035 posset),
650 997 776 1024 tenores
797 991 992 1031 huiusmodi,

252 1056 288 1078 ac
308 1045 333 1078 si
354 1045 394 1077 de
413 1045 511 1078 verbo
532 1045 571 1078 ad
591 1045 737 1084 verbum,
760 1044 840 1076 nihil
869 1044 996 1087 penitus

252 1097 371 1131 omisso
384 1104 413 1130 et
428 1099 529 1130 forma
549 1098 580 1130 in
602 1098 664 1131 illis
679 1098 795 1131 tradita
815 1097 991 1137 observata,

252 1151 362 1184 inserti
372 1151 487 1191 forent,
500 1151 722 1194 praesentibus
731 1161 789 1194 pro
799 1150 996 1184 sufficienter

238 1204 240 1207 ’
251 1204 407 1248 expressis
417 1210 448 1237 et
459 1204 586 1237 insertis
594 1204 760 1244 babentes,
776 1204 995 1245 motu,'scien-

251 1258 295 1290 tia
326 1263 356 1290 et
383 1257 573 1291 auctoritate
603 1257 761 1290 similibus
786 1258 990 1300 derogamus.

250 1311 362 1349 Autsi
386 1310 546 1354 aliquibus
566 1311 782 1344 communiter
800 1311 848 1344 vel
868 1311 993 1344 divisim

251 1365 290 1397 ab
311 1365 423 1397 eadem
441 1364 482 1397 sit
498 1365 579 1398 Sede
597 1364 768 1405 indultum,
793 1365 880 1409 quod
896 1365 994 1398 inter-

252 1417 334 1458 dici,
358 1417 532 1461 suspendi,
553 1418 601 1451 vel
628 1418 901 1451 excommunicari
928 1428 993 1451 non

251 1471 374 1514 possint
387 1481 445 1514 per
454 1470 578 1503 litteras
591 1471 783 1514 apostolicas
794 1482 860 1504 non
873 1472 993 1505 facien-

253 1529 298 1556 tes
314 1524 441 1567 plenam
464 1529 494 1556 et
514 1534 707 1567 expressam,
725 1535 762 1558 ac
780 1525 818 1558 de
832 1525 929 1558 verbo
953 1525 993 1558 ad

250 1577 383 1609 verbum
396 1577 435 1610 de
447 1577 571 1610 indulto
583 1578 769 1611 huiusmodi
780 1578 990 1620 mentionem,

251 1631 451 1674 caeterisque
472 1631 642 1664 contrariis
663 1632 934 1676 quibuscumque.

294 1686 310 1726 ξ
332 1683 362 1717 6.
395 1685 511 1717 Verum
533 1685 608 1728 quia
629 1685 757 1719 difficile
784 1686 867 1719 foret
894 1697 990 1730 prae-

249 1742 353 1770 sentes
373 1737 495 1770 litteras
515 1738 555 1771 ad
572 1737 698 1780 singula
709 1739 949 1782 quaequeloca,
962 1739 994 1772 in

249 1790 366 1834 quibus
387 1791 469 1824 forte
489 1802 571 1835 opus
591 1797 684 1832 esset,
702 1792 830 1833 deferri,
845 1793 994 1826 volumus

248 1849 279 1876 et
298 1843 419 1888 pariter
439 1845 614 1888 apostolica
639 1845 829 1878 auctoritate
850 1846 995 1879 decerni-

249 1908 330 1937 mus,
345 1898 432 1941 quod
446 1897 573 1931 illarum
590 1899 809 1942 transumptis,
827 1900 994 1932 manuali-

248 1950 338 1983 cuius
355 1961 392 1984 ex
412 1951 591 1985 secretariis
603 1952 740 1985 cuiusvis
752 1953 993 1996 praedictorum

248 2004 466 2047 praelatorum
485 2005 697 2047 generalium,
714 2016 750 2039 ac
763 2007 927 2040 Romanae
936 2007 994 2041 Cu-

248 2058 314 2091 riae
327 2058 539 2091 commissarii
556 2064 587 2091 et
606 2069 737 2092 suorum
756 2071 990 2102 successorum,

247 2117 301 2144 aut
320 2111 437 2144 notarii
466 2111 586 2155 publici
615 2112 813 2156 subscriptis,
838 2120 869 2146 et
888 2114 993 2156 sigillo

247 2165 343 2198 officii
376 2165 508 2198 alterius
534 2166 747 2207 eorumdem,
776 2172 831 2199 aut
859 2167 993 2200 alicuius

246 2229 404 2262 personae
434 2218 465 2251 in
497 2218 653 2260 dignitate
674 2219 887 2252 ecclesiastica
918 2231 994 2253 con-

246 2272 386 2313 stitutae,
411 2283 466 2305 seu
481 2273 588 2305 curiae
602 2272 833 2306 ecclesiasticae
848 2273 989 2314 munitis,

247 2326 360 2359 eadem
381 2336 513 2369 prorsus
534 2325 614 2359 sides
645 2326 676 2358 in
704 2326 825 2359 iudicio
846 2331 877 2359 et
907 2333 994 2360 extra

247 2379 325 2412 illud
346 2379 547 2420 adhibeatur,
565 2390 647 2423 quae
667 2379 891 2423 praesentibus
903 2380 993 2413 adhi-

246 2432 387 2472 beretur,
411 2432 436 2465 si
456 2433 561 2465 forent
582 2433 742 2466 exhibitae
762 2433 810 2465 vel
832 2438 988 2466 ostensae.

290 2486 405 2519 Datum
422 2486 544 2519 Romae
563 2487 648 2530 apud
669 2487 699 2520 S.
716 2487 845 2519 Petrum
864 2487 923 2519 sub
935 2497 991 2519 an-

246 2540 323 2572 nulo
344 2538 514 2572 Piscatoris
530 2566 537 2579 ,
561 2539 612 2572 die
637 2539 790 2581 vigesima
811 2539 991 2573 decembris

247 2601 391 2632 Mnxcvn,
414 2591 620 2635 pontificatus
640 2592 740 2625 nostri
766 2602 850 2625 anno
869 2603 910 2626 v1.

281 2653 340 2682 Dat.
361 2653 404 2682 die
420 2654 455 2681 20
469 2653 607 2682 decembr.
628 2655 707 2688 1597,
724 2654 820 2690 pontis.
838 2663 882 2682 an.
900 2662 936 2682 vi.

1077 470 1230 511 fcwentes,
1255 469 1284 501 si
1306 473 1377 512 post
1398 469 1527 512 Iapsmn
1548 469 1773 507 terminorum,

1076 530 1136 572 qm*
1156 530 1208 562 liic
1228 530 1453 573 assiquantur,
1470 531 1647 573 quominus
1660 530 1691 563 F
1690 541 1778 563 erra-

1076 592 1146 623 riae
1166 592 1323 624 (tanatum
1347 592 1390 624 ad
1405 592 1556 626 Gamerae
1572 592 1597 626 A
1603 592 1777 635 postolicae

1073 655 1305 697 possessionem
1334 655 1501 692 (lemniae,
1530 655 1774 697 impediverint,

1075 717 1244 760 formaque
1284 717 1467 760 praesentes
1499 717 1625 749 litteras
1660 717 1773 759 publi-

1076 779 1174 812 candi
1187 779 1206 811 ¹.

1032 869 1164 896 Clemens
1187 869 1364 902 episcopus,
1386 876 1494 896 servus
1521 875 1675 895 servorum
1703 868 1775 903 Dei,

1182 922 1217 948 ad
1233 922 1366 949 futuram
1382 922 1427 950 rei
1442 922 1623 950 memoriam.

1074 993 1117 1026 Ex
1148 1003 1204 1026 ore
1234 993 1376 1026 sedentis
1396 993 1427 1026 in
1458 993 1576 1027 throno
1596 993 1644 1026 bis
1664 999 1777 1027 acutus

1030 1046 1156 1088 gladius
1175 1046 1323 1090 procedit
1343 1052 1373 1079 et
1393 1047 1487 1079 obvia
1504 1057 1652 1090 quaeque
1673 1047 1773 1080 metit:

1030 1098 1082 1131 hic
1099 1104 1146 1131 est
1158 1098 1284 1140 gladius
1297 1099 1489 1139 Salomonis,
1506 1099 1561 1142 qui
1575 1105 1660 1132 secat
1674 1100 1778 1133 utrin-

1029 1162 1102 1195 que.
1126 1152 1189 1184 Nos
1210 1151 1264 1194 qui
1282 1151 1396 1185 Christi
1416 1152 1482 1184 veri
1503 1152 1684 1185 Salomonis
1705 1164 1778 1196 per-

1028 1215 1152 1245 sonam,
1170 1205 1243 1238 licet
1263 1205 1433 1246 immeriti,
1451 1206 1558 1239 divina
1574 1206 1777 1250 providentia

1028 1258 1235 1299 sustinemus,
1259 1258 1392 1302 eiusque
1412 1259 1513 1292 vicem
1546 1260 1698 1301 gerimus,
1722 1261 1776 1304 qui

1028 1312 1153 1344 iudicat
1178 1312 1286 1344 orbem
1307 1317 1411 1345 terrae
1434 1313 1468 1345 in
1491 1314 1657 1356 acquitate
1677 1318 1705 1346 et
1720 1325 1777 1357 po-

1027 1365 1122 1408 pulos
1149 1366 1186 1398 in
1211 1366 1352 1405 iustitia,
1377 1376 1450 1399 cum
1471 1366 1511 1399 de
1532 1367 1696 1399 Romanae
1716 1367 1774 1400 Ec-

1028 1418 1144 1451 clesiae
1176 1418 1301 1452 iuribus
1321 1419 1370 1451 vel
1401 1420 1538 1460 tuendis,
1561 1420 1609 1453 vel
1641 1431 1777 1464 recupe-

1028 1471 1137 1504 randis
1159 1482 1267 1505 coram
1297 1472 1390 1505 nobis
1423 1473 1539 1515 agitur,
1564 1473 1776 1506 rectissimam

1029 1531 1176 1558 tenemur
1195 1526 1340 1569 proferre
1360 1527 1563 1567 sententiam,
1581 1537 1655 1570 qua,
1671 1527 1778 1560 subla-

1028 1578 1067 1611 tis
1087 1578 1239 1612 omnibus
1259 1578 1515 1622 impedimentis,
1544 1579 1649 1612 eidem
1670 1580 1777 1613 Eccle-

1028 1631 1103 1672 siae,
1120 1632 1207 1675 quod
1228 1642 1322 1664 suum
1341 1638 1398 1672 est,
1421 1632 1556 1665 omnino
1573 1632 1772 1675 restituatur,

1028 1691 1059 1719 et
1079 1691 1190 1718 contra
1211 1686 1365 1719 iustitiam
1386 1687 1508 1720 nemini
1535 1697 1666 1731 prorsus
1696 1699 1773 1731 par-

1029 1744 1135 1772 eatur:
1161 1739 1242 1772 sicut
1262 1739 1348 1772 enim
1377 1740 1482 1773 aliena
1502 1751 1561 1774 nec
1582 1741 1772 1781 invadimus,

1028 1802 1087 1825 nec
1107 1791 1266 1835 cupimus,
1290 1791 1334 1825 ita
1357 1793 1490 1836 propria
1510 1793 1671 1826 Ecclesiae
1691 1794 1776 1827 bona

1028 1855 1129 1888 usque
1150 1845 1191 1878 ad
1210 1845 1401 1887 sanguinem
1423 1846 1506 1879 tueri
1527 1847 1631 1890 parati
1651 1857 1771 1880 sumus.

1028 1898 1131 1941 Atque
1159 1908 1196 1931 ea
1227 1908 1304 1931 sane
1328 1898 1360 1931 in
1393 1909 1427 1932 re
1447 1899 1573 1932 nullum
1592 1900 1697 1940 nobis,
1722 1906 1777 1933 aut

1028 1951 1144 1988 nostris
1165 1952 1374 1985 commodum
1387 1980 1394 1993 ,
1414 1953 1463 1986 vel
1494 1953 1620 1986 lucrum
1648 1954 1776 1997 quaeri-

1028 2015 1116 2045 mus,
1140 2005 1202 2038 hoc
1220 2005 1307 2038 enim
1324 2005 1437 2039 Christi
1458 2011 1490 2039 et
1510 2006 1653 2039 eiusdem
1669 2007 1776 2039 Eccle-

1027 2058 1093 2092 siae
1121 2069 1218 2092 causa
1246 2059 1385 2093 libenter
1416 2060 1567 2093 omnibus
1592 2061 1774 2093 concessuri

1028 2122 1186 2145 essemus:
1210 2113 1266 2146 sed
1283 2113 1447 2146 Romanae
1464 2114 1623 2147 Ecclesiae
1641 2124 1699 2147 nos
1721 2115 1775 2147 de-

1027 2165 1147 2199 bitores
1161 2166 1377 2208 agnoscimus,
1398 2172 1433 2200 ut
1450 2177 1519 2200 eam
1537 2178 1633 2200 curae
1646 2173 1775 2201 nostrae

1027 2218 1232 2252 commissam
1248 2219 1469 2260 defendamus,
1487 2225 1517 2253 et
1529 2220 1569 2252 ab
1581 2219 1706 2253 iniustis
1717 2231 1774 2264 op-

1027 2272 1247 2315 pressionibus
1259 2272 1474 2313 vindicemus;
1496 2283 1535 2306 ne
1555 2273 1580 2306 si
1601 2273 1633 2305 in
1654 2273 1703 2306 his
1721 2274 1774 2307 de-

1027 2325 1213 2364 fecerimus,
1245 2326 1324 2359 haec
1345 2326 1454 2359 omnia
1474 2327 1556 2359 Deus
1576 2326 1608 2359 in
1630 2326 1773 2361 districto

1027 2378 1146 2412 iudicio
1168 2380 1207 2412 de
1228 2380 1377 2413 manilius
1398 2380 1515 2413 nostris
1534 2380 1690 2424 requirat.
1714 2381 1774 2414 Ne-

1026 2443 1088 2475 que
1109 2443 1183 2465 vcro
1205 2433 1365 2476 precibus,
1390 2438 1444 2466 aut
1463 2433 1572 2477 aliquo
1593 2444 1704 2467 amore
1725 2435 1773 2467 vel

1026 2485 1113 2525 odio,
1138 2486 1243 2519 ullove
1264 2486 1408 2519 humano
1429 2486 1545 2519 ass'cctu
1567 2487 1620 2531 (in
1641 2497 1705 2530 quo
1726 2487 1773 2520 di-

1026 2538 1129 2571 vinam
1152 2538 1287 2579 gratiam
1320 2539 1538 2582 agnoscimus)
1559 2540 1599 2573 ad
1626 2540 1706 2573 hacc
1726 2541 1774 2573 in-

1026 2593 1185 2633 ducimur,
1210 2594 1265 2626 sed
1297 2593 1382 2626 zelus
1409 2594 1524 2627 domus
1544 2594 1616 2635 Dei,
1640 2594 1773 2639 antiqua

1062 2657 1072 2683 1
1093 2656 1130 2683 Ex
1145 2656 1252 2692 Regest.
1270 2656 1295 2683 in
1316 2657 1420 2684 Secret.
1439 2656 1573 2685 Breviuni.

1680 239 1744 273 389
1790 249 1838 275 An.
1860 248 1888 276 c.
1908 249 1973 277 1597

1819 999 1959 1020 Prooemium.
