2253 3195
297 239 347 266 An.
364 238 392 266 C.
415 238 478 266 160¹

351 990 428 1012 Ezimit
442 993 487 1014 Cle—

303 1022 361 1038 mens
369 1033 374 1042 .

530 229 592 263 738
1080 239 1264 263 BELLARIUM
1285 238 1439 263 nostaaru

496 287 626 325 divinis,
650 297 746 330 quam
783 285 1017 330 temporalibus
1042 286 1082 320 ad
1103 287 1332 330 praepo-tuas
1362 287 1572 331 promulgare
1608 286 1793 321 nullatenus
1827 297 1921 332 posse
1939 315 1946 329 ,
1979 298 2014 322 ac

498 340 591 373 tentis
619 340 674 373 Dei
706 339 843 382 gloriam
876 349 995 382 augere
1025 345 1056 373 et
1085 349 1241 373 exornare
1257 339 1750 398 iquamcumquevisitationem,
1767 341 2012 383 correctionem,

495 404 560 426 non
578 393 711 433 desistit,
724 393 799 426 utin
821 393 881 426 liae
896 404 1026 438 quoque
1039 399 1129 438 parte
1143 393 1242 438 ipsius
1258 425 1261 431 ,
1277 392 1550 435 iurisdietionem,
1578 399 1634 428 aut
1665 393 1925 438 superioritatem
1959 394 2017 428 ali-

496 446 638 490 capellae
668 446 789 486 decori,
815 446 966 490 illiusque
985 447 1111 487 desani,
1135 435 1373 496 capel-{quam
1400 446 1607 487 denotantia,
1633 452 1664 480 et
1685 457 1905 491 quascumque
1935 457 2014 492 pro-

495 499 644 532 lanorum
673 505 704 532 et
736 499 960 533 ministrorum
996 500 1178 534 commodis
1213 499 1512 552 etjmulgationeffi
1547 510 1626 544 quas
1647 505 1711 533 tam
1737 510 1796 544 per
1819 500 2014 542 Elborensis,
2060 524 2062 527 v

497 553 796 596 opportunitatibus
827 554 1034 595 consulatur,
1064 553 1241 598 plurimum
1260 557 1261 574 ³
1278 563 1373 596 quam
1407 563 1630 598 quoscumque
1661 554 1742 587 alios
1773 554 1906 597 praefati
1928 554 2018 597 regni

497 606 616 650 cupiat,
633 612 667 639 ut
681 606 764 639 infra
783 607 1063 651 desuperpernos
1083 613 1112 641 et
1127 607 1242 640 Sedem
1260 603 1261 655 J
1277 605 1464 640 Ordinarios
1478 634 1485 647 ‚
1515 606 1710 651 illorumque
1730 606 1867 641 vicarios
1891 612 1923 640 et
1943 607 2016 641 offi-

498 660 717 703 Apostolicam
736 661 877 704 benigne
890 661 1067 706 provideri,
1080 671 1140 705 pro
1153 665 1245 704 parte
1278 659 1385 698 ciales,
1414 670 1499 693 nunc
1520 666 1551 694 et
1569 670 1630 704 pro
1651 666 1796 705 tempore
1823 660 1994 695 existentes
2007 688 2016 702 ,

499 712 575 746 dieti
587 713 760 747 Theodosii
779 714 869 748 ducis
884 715 979 748 nobis
998 714 1054 747 suit
1077 713 1262 747 humiliter-²
1280 713 1325 745 vel
1345 722 1459 746 eorum
1492 713 1633 757 aliquem
1660 713 1790 747 interim
1814 713 1886 747 fieri
1918 713 2020 748 conti-

498 766 727 810 supplicatum,
751 773 911 811 quatenus
930 767 992 801 sibi
1018 767 1245 811 desiderioque
1279 765 1370 807 gerit,
1393 767 1482 799 nulla
1505 773 1537 800 et
1560 767 1720 808 invalida,
1748 767 1935 812 nulliusque
1960 778 2020 802 ϊο-

499 829 557 852 suo
578 819 608 852 in
629 820 815 864 praemissis
833 827 1029 865 opportune,
1050 825 1120 862 ele,
1134 821 1246 863 digna·
1262 850 1263 860 ἶ
1279 819 1366 852 boris
1385 820 1434 853 vel
1466 821 1622 854 momenti
1653 821 1810 863 existere,
1834 827 1865 855 et
1883 831 1943 866 pro
1963 832 2020 866 pe-

500 883 624 906 remur,
1261 873 1263 908 ἴ
1280 872 1365 905 nitus
1385 872 1510 907 inseetis
1524 901 1531 915 ‚
1553 875 1660 918 quoad
1679 866 1759 909 haec
1779 875 1889 908 omnia
1909 875 2020 909 haberi

546 927 562 969 ς
583 925 614 959 3.
637 926 701 960 Nos
718 926 816 970 igitur
843 927 932 971 pium
954 927 1053 971 ipsius
1073 927 1245 961 Theodosii
1262 924 1263 971 ᾖ
1280 925 1411 967 debere,
1432 932 1462 960 et
1482 926 1507 960 si
1527 937 1630 968 secus,
1655 932 1727 969 etc„
1748 927 1921 969 attentari,
1942 927 2018 961 irri-.
2035 938 2039 940 ·

502 979 591 1013 ducis
611 980 812 1024 propositum
844 991 1039 1025 promovere
1070 981 1246 1025 cupientes,
1281 987 1346 1013 tum
1369 987 1400 1014 et
1423 981 1519 1015 inane
1543 982 1760 1016 decernimus.

503 1043 539 1066 ac
559 1033 680 1066 dietum
691 1033 908 1067 Theodosium
923 1034 1038 1068 durem
1049 1045 1067 1067 a
1081 1034 1247 1078 quibusvis
1262 1073 1265 1081 Α

503 1086 858 1127 ezcoinmunieationis,
882 1091 954 1127 etc„
979 1093 1156 1128 censentes,
1186 1087 1264 1121 liu-³

503 1140 643 1173 iusmodi
669 1141 961 1185 supplicationibus
993 1141 1164 1182 inclinati,
1193 1139 1265 1175 exi-³

502 1193 622 1237 pellam
642 1194 841 1238 praedictam
857 1221 864 1235 ,
889 1194 1040 1238 illiusque
1062 1194 1221 1228 decanum
1237 1221 1244 1234 ,
1263 1190 1265 1230 Ξ
1281 1192 1360 1226 stica
1380 1204 1438 1238 per
1458 1205 1512 1228 eos
1529 1204 1614 1228 nunc
1634 1195 1765 1228 obtenta
1779 1222 1787 1236 ‚
1810 1201 1842 1229 et
1863 1206 1924 1240 pro
1944 1201 2025 1230 tem-

504 1247 690 1291 capellanos
710 1252 742 1281 et
759 1247 923 1281 ministros
943 1253 1129 1291 praesentes
1149 1253 1181 1281 et
1201 1247 1249 1280 su·
1263 1233 1266 1258 ¹
1282 1256 1361 1290 pore
1389 1247 1576 1287 obtinenda,
1604 1259 1640 1281 ac
1661 1248 1790 1282 illorum
1815 1258 1865 1282 res
1889 1254 1920 1282 et
1939 1248 2025 1283 bona

508 1306 609 1341 turOS,
633 1311 813 1345 eorumque
838 1311 900 1341 res,
924 1301 1010 1334 bona
1041 1307 1069 1334 et
1091 1300 1248 1344 beneficia
1264 1304 1267 1355 ᾗ
1282 1299 1481 1344 ubicumque
1509 1301 1580 1342 sita,
1612 1301 1806 1346 cuicumque
1826 1293 2022 1344 visitationi,

504 1364 738 1398 quaecumque,
760 1354 957 1398 ubicumque
977 1355 1048 1395 sita,
1066 1361 1096 1387 et
1119 1354 1246 1398 qualia·
1264 1358 1267 1398 ζ
1283 1353 1488 1394 correctioni,
1518 1354 1733 1388 iurisdietioni
1755 1360 1787 1388 et
1805 1353 2024 1399 superioritati

505 1418 644 1451 eumque
661 1407 723 1440 sint
744 1413 775 1440 et
792 1418 859 1441 esse
877 1407 1011 1452 possint,
1029 1408 1069 1441 ab
1088 1408 1176 1441 omni
1198 1407 1246 1440 vi·
1265 1405 1268 1451 ξ
1285 1407 1401 1440 nostris
1420 1413 1449 1440 et
1463 1407 1553 1442 Sedis
1573 1407 1788 1452 ApostolIeae,
1805 1418 1840 1442 ac
1862 1408 2025 1442 fructuum

505 1461 653 1494 sitatione
673 1489 680 1501 ‚
711 1461 931 1501 correctione,
965 1461 1186 1495 iurisdictione
1219 1467 1249 1495 et
1265 1453 1268 1493 ἱ
1285 1465 1315 1493 et
1332 1465 1547 1503 proventuum
1575 1460 1728 1494 Gamerae
1749 1460 1952 1505 Apostotieae
1971 1461 2027 1495 de·

506 1514 743 1558 superioritate,
760 1520 825 1547 tam
845 1514 1030 1548 Elborensis
1050 1525 1147 1558 quam
1171 1525 1250 1558 quo·
1266 1502 1268 1548 i
1286 1513 1445 1556 bitorum,
1469 1514 1653 1549 collectoris
1677 1515 1709 1548 in
1731 1515 1818 1549 dieto
1846 1525 1946 1558 regno
1965 1524 2026 1559 pro

507 1577 724 1611 rumcumque
744 1567 882 1601 aliorum
904 1567 979 1601 dicti
998 1567 1087 1611 regni
1109 1567 1247 1602 Ordina-
1266 1551 1269 1587 ι
1287 1572 1431 1611 tempore
1454 1567 1616 1602 existentis
1637 1568 1696 1610 vel,
1720 1578 1758 1602 eo
1779 1567 1950 1602 deficiente
1973 1572 2028 1602 aut

507 1620 642 1662 riorum,
664 1621 860 1665 illorumque
877 1621 1071 1654 vicariorum
1089 1627 1120 1655 et
1132 1621 1252 1655 officia·
1267 1633 1269 1666 3
1285 1620 1428 1661 absente,
1445 1631 1502 1666 per
1514 1623 1588 1655 eum
1603 1632 1662 1666 pro
1678 1628 1823 1666 tempore
1837 1621 2024 1666 deputandi,

1282 1097 1370 1129 num,
1393 1088 1578 1132 capellanos
1599 1095 1629 1123 et
1643 1089 1807 1123 ministros
1826 1088 2008 1133 praedictos

508 1673 600 1714 lium,
624 1684 709 1708 nunc
731 1680 759 1708 et
786 1685 844 1718 pro
865 1680 1012 1718 tempore
1046 1675 1250 1709 existentium
1267 1673 1270 1744 ἶ
1287 1674 1413 1718 penitus
1433 1680 1462 1708 et
1490 1675 1624 1709 omnino
1643 1675 1762 1709 eisdem
1789 1675 1981 1709 auctoritate
1997 1680 2050 1709 et·

507 1726 538 1759 in
552 1726 775 1771 spiritualibus
796 1733 827 1760 et
848 1728 1091 1772 temporalibus,
1116 1734 1248 1772 aposto·
1267 1746 1270 1768 ι
1286 1734 1409 1767 tenore,
1430 1729 1525 1762 etiam
1540 1735 1698 1773 perpetuo
1711 1729 1902 1763 subiicimus
1913 1734 2030 1774 etsup-

508 1779 568 1813 lica
589 1781 792 1821 auctoritate,
818 1787 929 1814 tenore
950 1781 1181 1825 praesentium,
1198 1775 1270 1839 pei
1287 1781 1448 1825 ponimus,
1465 1791 1641 1826 omnesque
1663 1788 1926 1827 etquaseumque
1943 1781 2027 1823 lites,

508 1833 594 1866 nitus
628 1839 657 1866 et
688 1834 822 1867 omnino
847 1839 1005 1878 perpetuo
1031 1834 1201 1868 eximimus
1222 1840 1409 1876 ettcausas,
1434 1837 1678 1878 controversias,
1699 1836 1914 1881 quaestiones,
1939 1834 2029 1869 diffe-

508 1886 649 1919 totaliter
673 1887 869 1928 liberamus,
890 1893 1121 1932 exemptosque
1143 1894 1170 1921 et
1193 1886 1250 1921 ei·
1268 1910 1271 1916 ·
1288 1888 1417 1929 rentias,
1442 1889 1604 1923 molestias
1618 1917 1625 1931 ‚
1652 1889 1760 1923 civiles
1780 1895 1809 1923 et
1831 1888 2026 1930 criminales,

508 1945 616 1983 empta
638 1950 706 1973 esse
728 1951 765 1973 ac
795 1941 884 1981 sore,
918 1951 1044 1974 neenon
1065 1941 1253 1975 Ordinarios
1268 1919 1272 1986 i
1287 1943 1390 1976 reales
1415 1948 1445 1976 et
1466 1943 1663 1987 personales,
1686 1942 1870 1988 spirituales
1892 1947 1924 1976 et
1943 1947 2026 1976 tem-

509 2003 687 2038 eorumque
708 1994 844 2028 vicarios
857 1995 1053 2029 etofficiales
1071 1996 1253 2040 praedictos
1288 1996 1414 2040 porales
1429 2023 1436 2036 ,
1468 1992 1700 2030 ecclesiasticas
1732 2001 1759 2029 et
1791 1995 1942 2040 profanas
1958 2022 1965 2036 ,
1992 2004 2029 2028 ac

509 2046 617 2084 (etiam
638 2047 762 2081 ratione
783 2047 902 2085 delicti,
919 2059 977 2082 seu
999 2055 1183 2082 contractus
1205 2050 1252 2083 vel
1288 2049 1382 2082 etiam
1418 2049 1634 2089 beneficiales,
1664 2059 1769 2082 meras
1789 2054 1819 2082 ct
1844 2047 1956 2082 mixtas
1976 2047 2030 2082 de-

1325 1035 1342 1076 5
1363 1033 1393 1067 4.
1418 1034 1455 1067 Et
1478 1034 1689 1069 nihilominus
1718 1036 1874 1080 capellam
1888 1063 1896 1077 ,
1929 1036 2022 1070 deca·
2036 1055 2091 1091 mn·

2010 1116 2019 1131 ’
2036 1090 2132 1143 0⁰¹3?-

1280 1150 1407 1174 necnon
1437 1152 1664 1186 quaeeumque
1694 1142 1853 1176 beneficia
1873 1142 2078 1176 eoclesia-m-

509 2100 612 2144 quasi,
635 2106 689 2143 aut
712 2102 770 2141 rei,
794 2101 833 2135 de
852 2112 926 2146 qua,
947 2102 1145 2147 ubicumque
1167 2114 1254 2137 com-

510 2153 654 2187 mittatur
681 2154 856 2195 delietnm,
886 2155 1012 2189 ineatur
1044 2162 1251 2196 contractus,

510 2212 565 2240 aut
585 2218 634 2241 res
655 2207 723 2252 ipsa
741 2209 909 2251 consistat)
939 2209 969 2241 in
991 2209 1170 2249 decanum,
1204 2221 1255 2244 ra-

510 2260 656 2303 pollanos
677 2267 707 2294 et
728 2261 893 2294 ministros
912 2261 1105 2306 praedictos,
1126 2273 1256 2296 eorum-

511 2326 574 2359 que
589 2326 637 2349 res
651 2322 681 2349 et
697 2315 782 2349 bona
799 2327 836 2349 ac
854 2316 1012 2350 beneficia
1032 2328 1256 2362 quaecumque

512 2379 570 2411 per
594 2379 648 2401 eos
669 2369 799 2402 obtenta
821 2375 850 2402 «rt
871 2369 1059 2409 obtinenda,
1073 2371 1120 2403 vel
1142 2381 1254 2403 eorum

512 2421 652 2465 aliquem
674 2433 730 2456 seu
745 2422 882 2466 aliquos,
900 2422 1126 2463 visitationem,
1151 2434 1274 2473 corre-‚

1289 2102 1370 2139 cani.
1395 2102 1636 2146 capellanorum
1656 2108 1686 2136 et
1701 2102 1923 2136 ministrorum
1937 2110 2030 2146 prae-

1289 2155 1460 2194 dit-torum,
1485 2161 1548 2188 tam
1570 2155 1671 2189 active
1692 2165 1789 2199 quam
1804 2154 1938 2200 passive,
1954 2163 2031 2188 con·

1290 2214 1335 2241 tra
1358 2208 1444 2252 ipsos
1461 2218 1518 2252 per
1528 2208 1737 2241 Elborensem
1751 2218 1788 2241 ac
1808 2215 2030 2252 quoscumque

1290 2262 1364 2295 dicti
1387 2261 1476 2305 regni
1507 2261 1696 2295 Ordinarios
1711 2289 1718 2302 ,
1745 2271 1800 2295 seu
1823 2260 1952 2294 illorum
1973 2269 2030 2294 cu·

1291 2315 1353 2348 rias
1375 2315 1420 2348 rel
1444 2315 1548 2353 fiscos,
1581 2321 1633 2348 aut
1655 2319 1883 2359 procuratores
1903 2322 2049 2354 eoruin,·

1290 2379 1326 2401 ae
1347 2367 1442 2401 etiam
1465 2378 1686 2412 quascumque
1700 2367 1778 2401 alias
1796 2376 1960 2411 personas,
1975 2375 2031 2400 seu

1290 2421 1329 2454 ad
1361 2420 1491 2454 illorum
1523 2426 1576 2453 aut
1614 2420 1741 2454 illarum
1774 2419 1957 2453 instantiam
1982 2417 2031 2453 vel

513 2474 651 2508 ctionem
674 2481 702 2507 et
724 2475 985 2520 superioritatem
1008 2476 1148 2520 aliquam
1168 2474 1275 2519 exer-1
1292 2474 1530 2517 instigationem
1552 2473 1662 2518 quavis
1679 2472 1849 2507 occasione
1862 2472 1909 2507 vel
1923 2480 2028 2512 causa,

514 2535 598 2565 ‹tc-re,
615 2534 669 2560 aut
689 2539 929 2572 ‹piaiiicuinque
951 2529 1326 2563 excoiiiiiiiiiiicatio-30x
1348 2538 1433 2562 nune
1455 2528 1606 2572 deinceps
1636 2533 1663 2561 ct
1698 2538 1757 2572 pro
1786 2532 1930 2571 tempore
1957 2534 2029 2560 mo·

515 2578 580 2614 nis.
605 2581 825 2624 suspensionis
853 2587 883 2615 et
910 2581 1090 2621 interdicti,
1114 2582 1257 2627 aliasque
1272 2572 1276 2617 i
1293 2582 1410 2616 vendas
1430 2588 1459 2616 et
1473 2581 1673 2616 suscitandas
1695 2581 1800 2615 eidem
1821 2578 1986 2614 collectori
1999 2577 2031 2613 in

515 2633 743 2665 ecclesiasticas
766 2635 951 2673 sententias,
969 2646 1119 2668 rcnsuras
1135 2642 1162 2667 et
1180 2646 1256 2679 poe·
1293 2636 1377 2668 (lictu
1401 2646 1500 2677 reguo
1523 2646 1606 2668 nnnc
1633 2640 1663 2667 et
1694 2645 1751 2679 pro
1778 2640 1922 2677 tempore
1943 2641 2031 2667 com·

2176 1061 2204 1133 ima.
2183 1045 2187 1053 „.

2212 3067 2224 3195 ‘vo-v-
