2253 3195
0 282 40 310 An.
59 280 87 307 sl.
105 279 166 307 1601

24 2242 89 2265 Mensa
98 2245 176 2271 epieco-

7 2270 53 2294 pana
91 2272 176 2298 eiusque

7 2295 46 2317 dos.

803 279 955 303 CLEMENS·
969 280 1026 302 vm
1048 280 1096 302 ΡΙ).

185 326 386 371 parochiales
404 333 525 360 erectas
539 327 728 370 praedictas,
747 326 830 359 iuxta
849 326 929 359 desi-

185 380 369 422 gnationem
394 381 533 424 desuper
553 380 592 412 ab
615 380 684 423 ipso
705 379 929 412 commissario

185 439 215 466 et
228 433 389 466 visitatore
412 433 538 473 factam,
552 432 790 469 transserimus3
812 443 829 464 a
843 432 928 475 prio-

186 492 256 519 ratu
277 497 351 520 vero
377 497 432 519 seu
454 486 588 519 ecclesia
610 485 655 518 Ss.
684 485 767 518 Petri
790 491 817 518 et
840 485 928 517 Pauli

185 539 371 573 huiusmodi
395 539 498 582 (iuius
517 539 648 579 fructus,
667 538 786 571 reditus
808 544 835 571 et
858 548 931 581 pro-

185 598 308 633 ventus,
327 603 424 636 super
437 592 553 635 quibus
567 592 677 635 pensio
698 602 804 624 annua
821 602 858 624 xc
874 592 931 623 du-

185 651 327 678 catorum
350 645 418 678 auri
439 645 592 678 similium
612 644 728 677 dilecto
741 644 807 677 silio
828 645 931 677 Ludo-

186 699 253 731 vico
273 698 417 741 Angelite
437 698 554 731 clerico
573 697 772 730 Firmanensi
792 697 929 730 cubiculi

185 753 284 785 nostri
306 752 419 785 secreti
445 752 618 795 praesecto,
638 751 721 783 dicta
741 751 931 783 auctoritate

185 811 343 838 rosor-mla
366 805 478 845 existit,
505 815 561 838 ccc
588 804 779 837 ducatorum
805 803 930 847 parium

184 860 360 892 secundum
381 869 585 892 communem
607 858 861 891 aestimationem
880 867 932 889 va-

186 913 285 945 lorem
308 923 473 949 annuum,
498 919 529 945 ut
555 911 703 944 similiter
727 911 928 954 accepimus,

185 976 249 997 non
274 966 449 1005 excedunt,
468 966 617 1008 illiusque
636 965 885 1008 proprietatilms
903 970 933 996 et

185 1019 277 1051 bonis
309 1031 344 1050 ν’(
373 1030 458 1051 nunc
485 1025 550 1058 tot,
575 1024 650 1062 quot
674 1018 712 1050 ad
739 1024 877 1053 rentum,
902 1022 932 1049 et

184 1078 353 1116 postquam
369 1073 452 1105 dicta
466 1072 577 1116 pensio
592 1072 773 1111 cessaverit,
789 1082 823 1103 ex
843 1076 928 1108 tunc,

185 1131 281 1168 prout
299 1126 393 1159 etiam
414 1137 450 1159 ex
471 1136 566 1163 nunc,
583 1131 628 1158 tot
641 1130 715 1168 quot
736 1125 775 1157 ad
797 1135 855 1157 xxx
870 1124 931 1156 alia

186 1185 274 1212 scuta
297 1186 444 1212 monetae
471 1179 793 1221 ascendantlnernon
815 1178 853 1209 ab
875 1178 931 1210 lio—

186 1232 291 1275 spitali
313 1232 343 1265 S.
368 1232 484 1265 Mariae
505 1231 592 1264 della
613 1231 708 1263 Scala
729 1236 930 1274 nuncupatae

186 1287 340 1320 Lenensis
355 1286 440 1319 aliud
455 1286 612 1329 hospitale
625 1285 654 1318 S.
666 1284 821 1325 Iacobi,et
832 1284 933 1327 capel-

188 1340 251 1372 lam
267 1339 296 1373 S.
314 1339 442 1372 loannis
455 1338 674 1381 Evangelistae
688 1347 788 1381 prope
802 1342 832 1370 et
846 1341 931 1369 extra

188 1403 296 1425 muros
317 1393 413 1426 Castri
434 1392 560 1431 Plebis,
582 1402 663 1435 quae
685 1401 743 1434 per
765 1391 927 1432 guberna-

187 1452 281 1483 tores,
306 1446 583 1478 administratores
608 1451 637 1477 et
668 1443 819 1476 officiales
849 1443 931 1476 eius-

188 1498 261 1530 dem
295 1498 462 1541 bospitalis
494 1503 621 1530 sanctae
653 1496 768 1543 Mariae
802 1496 868 1538 regi
902 1502 930 1528 et

188 1551 360 1593 gubernari
389 1557 644 1591 consueverunt,
667 1562 723 1588 seu
753 1550 796 1582 illi
825 1551 929 1583 forsan

187 1605 286 1645 unita,
311 1606 357 1637 vel
377 1605 444 1638 eius
463 1605 607 1637 membra
629 1604 765 1637 existunt
787 1604 930 1647 ipsorum

188 1657 453 1699 gubernatorum,
483 1657 778 1690 administratorum
807 1662 837 1689 et
857 1656 928 1689 offi-

191 1711 319 1743 cialium
342 1711 512 1753 gubernio,
537 1710 706 1753 regimine,
730 1710 933 1743 administra-

189 1764 296 1804 tione,
333 1764 631 1807 superintendentia
670 1775 705 1796 ac
746 1764 933 1796 omnimoda

190 1818 409 1850 iurisdictione
433 1823 464 1850 et
484 1818 852 1861 superioritate,eisdem
876 1828 932 1849 au—

190 1870 336 1903 ctoritate
367 1876 396 1903 et
429 1876 549 1909 tenore,
573 1870 682 1903 itidem
706 1876 862 1913 perpetuo
883 1880 933 1902 se-

189 1934 340 1966 paramus
361 1929 389 1956 et
411 1923 693 1963 dismembramus,
718 1929 745 1955 ct
768 1934 822 1955 scu
842 1923 933 1956 unio-

190 1987 263 2009 nem
290 1976 328 2009 de
362 1976 512 2020 hospitali
545 1976 574 2009 S.
610 1976 714 2009 Iacobi
748 1982 775 2008 et
813 1977 934 2019 capella

189 2030 361 2073 praedictis
375 2029 478 2062 eidem
492 2030 642 2074 hospitali
665 2031 798 2063 Sanctae
820 2030 934 2063 Mariae

190 2083 435 2126 quomodolibet
456 2084 581 2123 factam,
604 2083 628 2115 si
658 2094 739 2126 quae
761 2084 813 2121 sit,
839 2084 933 2116 etiam

192 2142 348 2179 perpetuo
371 2136 584 2168 dissolvimus.

235 2190 249 2231 ἓ
271 2189 322 2222 11.
347 2190 516 2222 Praeterea
540 2200 667 2222 mensae
693 2189 933 2232 episcopaliCa-

191 2242 245 2274 stri
268 2242 371 2274 Plebis
392 2253 449 2285 pro
479 2243 546 2275 eius
575 2242 657 2274 dotis
687 2247 881 2282 augins-nte,
906 2249 935 2274 et

193 2305 250 2338 pro
286 2301 432 2338 tempore
470 2295 630 2328 existentis
663 2295 805 2338 episcopi
837 2294 934 2327 Castri

194 2347 296 2380 Plebis
321 2349 543 2381 commodiore
566 2347 819 2380 substentatione
846 2358 936 2379 rura-

194 2401 267 2438 lem,
290 2407 317 2434 et
341 2401 408 2434 sine
430 2412 506 2435 cura
527 2401 693 2434 ecclesiam
720 2402 749 2432 Η.
775 2400 936 2433 Benedicti

194 2453 296 2486 dictae
309 2454 465 2487 dioecesis
482 2455 581 2488 Castri
600 2453 716 2489 Plebis,
730 2453 820 2486 cuius
844 2458 873 2485 ct
894 2453 936 2484 illi

195 2507 301 2539 forsan
313 2508 426 2539 annexi
441 2508 572 2546 fructus,
585 2507 708 2540 reditus
717 2512 748 2538 et
765 2512 938 2549 proventus

194 2569 230 2591 cc
257 2560 447 2593 ducatorum
469 2561 612 2604 parium,
637 2559 814 2592 secundnm
846 2559 939 2591 aesti-

196 2613 370 2646 mationem
393 2614 603 2657 praedictam,
619 2614 758 2646 valoretn
779 2622 935 2653 annuum,

195 2671 228 2697 ut
249 2666 367 2708 pariter
395 2666 587 2709 accepimus,
612 2676 674 2697 non
706 2666 884 2703 excedunt,
909 2672 935 2697 ct

297 2729 370 2755 Ball.
392 2729 471 2755 Rom.
496 2728 554 2757 Vol.
575 2729 599 2754 Χ
792 2726 827 2752 94

1608 268 1625 278 ,-

1612 282 1620 301 1
1630 293 1632 296 .

1634 269 1670 302 ¹15

965 338 1060 370 quam
1094 326 1228 359 dilectus
1263 326 1346 359 lilius
1376 327 1538 359 Vinciolus
1571 326 1706 359 Vincioli

965 387 1072 413 rector
1085 380 1227 413 eiusdem
1247 380 1400 413 ecclesiae
1410 381 1514 414 Sancti
1529 380 1704 418 Benedicti,

966 434 1097 467 intimus
1114 435 1331 467 cubicularius
1352 440 1380 467 et
1403 434 1567 468 familiaris
1585 440 1704 475 noster,

966 487 1004 519 ad
1028 498 1179 530 praesens
1203 488 1336 525 obtinet,
1361 499 1432 520 cum
1455 488 1595 531 primum
1618 488 1705 520 illam

965 551 1022 583 per
1039 551 1183 581 cessum,
1208 541 1303 574 etiam
1325 551 1420 574 causa
1447 541 1705 584 permutationis,

966 594 1012 626 vel
1041 594 1205 627 decessum
1228 606 1282 627 seu
1304 591 1449 637 quamvis
1478 594 1572 627 aliam
1599 594 1708 627 dimis-

965 646 1087 679 sionem
1110 647 1382 680 vel'amissionem
1403 647 1477 680 dicti
1492 647 1638 687 Vincioli,
1653 658 1708 680 seu

966 700 1028 733 alio
1043 701 1154 743 quovis
1168 702 1265 734 modo
1279 701 1373 734 etiam
1389 701 1473 744 apud
1487 701 1600 734 Sedem
1617 711 1709 744 prae-

966 753 1083 786 dictam
1099 781 1106 794 ,
1130 754 1178 787 vel
1199 760 1285 787 extra
1306 754 1422 787 dictam
1445 754 1570 787 Curiam
1585 781 1592 795 ,
1614 754 1708 787 etiam

967 806 997 838 in
1017 806 1125 850 aliquo
1144 818 1179 839 ex
1202 807 1375 845 mensibus,
1398 807 1428 839 in
1450 808 1567 851 quibus
1588 818 1705 840 vacan-

968 858 1045 891 tium
1074 860 1308 893 beneficiorum
1339 860 1629 893 ecclesiasticorum
1656 860 1706 892 di·-

966 912 1098 955 spositio
1130 913 1223 946 nobis
1252 920 1280 946 et
1310 914 1455 946 Romano
1481 913 1628 946 Pontifici
1650 923 1709 956 pro

967 971 1111 1009 tempore
1130 967 1286 1006 existenti,
1308 977 1362 999 seu
1385 967 1487 999 dictae
1505 967 1589 1005 Sedi,
1614 967 1709 999 etiam

967 1029 1024 1061 per
1038 1019 1282 1052 constitutiones
1301 1020 1493 1063 apostolicas
1507 1030 1561 1052 seu
1580 1019 1710 1052 Cancel-

967 1072 1064 1105 lariae
1086 1074 1289 1116 Apostolicae
1311 1074 1448 1115 regulas
1473 1084 1509 1106 ac
1529 1073 1607 1106 alias
1628 1083 1710 1116 quo-

967 1126 1142 1158 modolibet
1164 1132 1192 1159 et
1214 1127 1441 1169 undecumque
1463 1131 1623 1159 reservata
1644 1126 1710 1159 exi-

966 1178 1034 1215 stit,
1055 1189 1091 1211 ac
1111 1189 1170 1222 pro
1197 1185 1342 1222 tempore
1364 1179 1476 1219 suerit,
1499 1190 1554 1212 seu
1575 1179 1707 1212 ordina-

967 1231 1021 1263 riis
1041 1232 1252 1264 collatoribus
1273 1232 1367 1264 etiam
1390 1243 1447 1274 per
1472 1232 1601 1264 easdem
1628 1242 1706 1264 con-

966 1285 1149 1318 stitutiones
1167 1290 1197 1317 et
1215 1285 1342 1327 regulas
1364 1285 1408 1316 vel
1431 1285 1551 1317 litteras
1572 1285 1711 1317 alterna·

967 1339 1113 1378 tuarum,
1136 1338 1197 1370 alia
1218 1344 1271 1370 aut
1288 1338 1453 1381 privilegia
1473 1343 1501 1370 et
1521 1338 1645 1371 indulta
1668 1338 1712 1370 eis

966 1391 1121 1424 hactenus
1144 1391 1325 1431 concessis,
1350 1396 1380 1423 et
1404 1391 1613 1434 imposterum
1637 1401 1712 1423 con-

966 1444 1117 1477 cedendis
1131 1444 1227 1477 etiam
1242 1445 1281 1477 de
1296 1444 1364 1477 iure
1378 1444 1554 1483 communi,
1571 1444 1619 1476 vel
1634 1444 1712 1477 alias

965 1498 1213 1541 quomodolibet
1238 1498 1496 1541 competentibus
1523 1503 1551 1530 et
1584 1508 1713 1541 compe-

967 1551 1072 1583 tituris
1095 1561 1206 1583 vacare
1228 1551 1407 1593 contigerit.

1011 1606 1027 1645 ξ
1051 1604 1101 1636 12.
1125 1604 1327 1645 Seminario,
1339 1610 1443 1637 autem
1466 1615 1524 1647 pro
1555 1604 1639 1636 illius
1669 1604 1713 1636 fa-

966 1657 1056 1689 brica
1083 1657 1281 1689 instituenda
1299 1663 1329 1689 et
1349 1657 1458 1700 pueris
1475 1657 1609 1697 alendis,
1627 1657 1712 1689 aliis-

967 1720 1029 1753 que
1043 1710 1195 1742 oneribus
1208 1710 1439 1753 supportandis
1454 1709 1621 1753 hospitalis
1635 1709 1714 1742 San-

968 1763 1007 1795 cti
1037 1763 1142 1795 Iacobi
1169 1769 1198 1795 et
1225 1764 1365 1807 capellae
1387 1764 1571 1796 huiusmodi
1594 1764 1635 1795 ita
1664 1770 1711 1796 ta-

969 1827 1060 1855 men,
1085 1823 1118 1848 ut
1140 1827 1252 1849 omnes
1274 1817 1403 1849 illorum
1426 1817 1562 1855 fructus,
1593 1816 1714 1849 reditus

969 1876 996 1902 et
1019 1874 1192 1913 proventus
1213 1869 1298 1902 dicto
1320 1869 1473 1913 episcopo
1491 1870 1589 1903 Casti-i
1611 1869 1716 1901 Plebis

968 1933 1027 1966 pro
1060 1929 1205 1966 tempore
1235 1923 1401 1963 existenti,
1427 1924 1528 1956 donec
1567 1923 1643 1956 unio
1677 1923 1715 1955 de

969 1976 1054 2009 dicta
1068 1976 1220 2009 ecclesiae
1234 1976 1340 2009 Sancti
1354 1976 1516 2009 Benedicti
1535 1987 1610 2009 suae
1627 1986 1716 2009 men-

969 2039 1021 2061 sae
1042 2029 1217 2072 episcopali
1237 2030 1319 2062 facta
1340 2029 1504 2072 praedicta
1523 2040 1615 2062 suum
1642 2030 1713 2072 ple-

970 2083 1096 2115 narium
1130 2082 1242 2115 sortita
1275 2083 1368 2115 suerit
1401 2083 1549 2115 effectum
1567 2110 1572 2123 ,
1602 2083 1715 2115 cedere

971 2136 1120 2169 debeant.

1015 2191 1031 2231 g
1052 2188 1104 2221 43.
1129 2189 1191 2221 Nec
1213 2200 1277 2222 non
1299 2199 1356 2232 pro
1379 2189 1660 2222 archidiaconatus
1680 2200 1715 2222 ac

971 2243 1217 2275 canonicatuum
1244 2248 1274 2275 et
1294 2243 1565 2286 praebendarum,
1591 2253 1715 2275 necnon

972 2296 1205 2339 parochialium
1230 2296 1438 2328 ecclesiarum
1463 2296 1598 2328 vicariae
1617 2302 1646 2329 et
1667 2307 1717 2329 ca-

972 2348 1128 2391 pellaniae
1160 2359 1217 2391 per
1248 2354 1434 2391 praesentes
1472 2355 1652 2382 erectorum
1687 2357 1718 2382 et

973 2401 1192 2433 institutorum
1212 2401 1309 2439 dote,
1339 2401 1474 2444 illosque
1503 2408 1534 2434 et
1563 2402 1632 2435 illas
1659 2412 1717 2445 pro

973 2459 1117 2496 tempore
1139 2453 1352 2486 obtinentium
1375 2464 1518 2496 congrua
1538 2455 1719 2488 substenta-

974 2507 1059 2539 tione
1074 2507 1512 2548 arcbidiaconatui,videlicet
1527 2508 1718 2552 prioratum,

973 2570 1028 2592 seu
1057 2559 1223 2592 ecclesiam
1253 2566 1435 2593 sanctorum
1463 2561 1546 2593 Petri
1574 2567 1601 2593 et
1628 2561 1717 2593 Pauli

974 2611 1170 2650 huiusmodi,
1186 2612 1249 2645 sire
1264 2613 1451 2655 praemisso,
1473 2623 1527 2645 seu
1549 2613 1626 2646 alias
1640 2625 1719 2657 qno-

973 2665 1018 2697 ris
1049 2666 1166 2700 niodo,
1192 2671 1246 2697 ant
1271 2678 1305 2697 cx
1327 2667 1458 2698 alterius
1487 2667 1718 2710 cuinscuunpic

1718 278 1766 305 An.
1789 279 1815 305 (ἶ.
1838 280 1897 306 tuot

1743 1609 1783 1631 Dm
1799 1610 1912 1631 seminario

1729 1639 1843 1662 ass:gnata.

1752 2193 1916 2213 Canonicatituis

1733 2223 1752 2239 εἰ
1767 2220 1873 2245 parochiis
1885 2222 1915 2239 at-

1732 2247 1816 2266 tributa.
