2253 3195
265 271 314 299 Αη.
337 272 366 299 C.
384 272 445 299 1601

266 735 324 754 lituu
334 743 361 753 sn
373 750 377 757 ,
412 740 450 754 ner

266 767 305 781 ivon
322 761 402 781 [inlitus
419 767 450 780 rc-

266 788 365 808 seruatur.

497 264 561 296 724

464 321 644 358 nonieatus,
669 327 699 354 et,
726 321 860 354 totidem
893 321 1098 364 praebendae
1119 321 1209 354 insti-

466 374 539 413 tuti,
570 380 599 407 et
632 385 667 406 ex
689 374 751 406 illis
780 375 845 407 duo
873 384 1003 407 mensae
1035 375 1210 418 episcopali

465 428 604 467 Elnensi‚
619 428 738 471 aliique
756 434 786 461 et
806 427 887 461 aliae
909 428 1015 461 officio
1030 428 1212 472 inquisitio-

466 481 513 514 nis
535 481 717 515 haereticae
729 482 896 525 pravitatis
912 482 987 515 dicti
1008 482 1211 526 principatus

467 533 574 566 unitae
606 534 831 578 reperiuntur,
863 535 1029 579 ipsiusque
1057 536 1229 569 ecelesiae

466 587 611 620 Emensis
624 588 772 621 canonici
790 589 933 632 reliquos
953 590 1162 623 canonicatus
1182 597 1213 623 et

385 660 451 683 [⁶³.-
466 641 669 684 praebendas
683 641 869 675 huiusmodi
887 643 1070 676 obtinentes
1086 643 1213 687 Capitu-

420 688 452 726 22'5
467 694 531 727 lum
552 694 629 726 inihi
651 695 860 735 constituunt,
878 706 914 729 ac
932 706 968 729 ex
988 696 1104 729 annuis
1124 707 1214 730 men-

466 758 519 781 sae
549 759 625 782 suae
661 749 848 793 capitularis
885 750 1042 783 reditibus
1074 750 1212 784 hismille

466 801 600 835 ducatos
613 802 684 835 auri
702 803 741 835 de
759 803 906 843 (lamera,
928 804 974 836 vel
993 804 1090 843 circa,
1110 804 1213 848 perci-

465 866 542 898 pere
559 855 674 895 solent,
695 867 732 889 ac
745 857 827 889 ultra
849 857 1057 891 canonicatus
1074 865 1103 891 et
1121 869 1214 902 prae·

465 909 587 942 bendas
626 909 836 949 huiusmodi,
875 921 933 944 nee
973 922 1038 944 non
1074 917 1214 955 quatuor

465 962 638 1005 dignitates
659 963 690 996 in
712 964 825 997 eadem
845 964 979 997 ecclesia
996 965 1124 998 Elnensi
1150 966 1214 999 exi-

465 1022 583 1050 stentes
604 1016 766 1058 (videlicet
785 1023 848 1050 tres
877 1017 1159 1052 archidiaconatus
1183 1026 1215 1052 et

466 1070 610 1103 sacristia
632 1071 782 1109 maiores,
797 1082 876 1115 quas
897 1083 956 1115 pro
975 1078 1120 1116 tempore
1133 1074 1215 1107 obti-

467 1129 579 1157 nentes
599 1124 729 1157 stallum
751 1125 882 1168 quidem
903 1125 932 1157 in
954 1126 1066 1167 choro,
1084 1137 1148 1159 non
1169 1133 1215 1160 ta·

468 1188 541 1211 men
559 1189 670 1211 vocem
693 1178 722 1211 in
744 1178 890 1222 Capitulo
917 1180 1048 1222 hahent>
1071 1185 1098 1212 et
1121 1181 1215 1224 quin-

467 1231 622 1275 quaginta
637 1237 667 1264 et
688 1232 793 1265 forsan
816 1233 925 1276 plures
946 1233 1128 1267 beneficiati
1147 1245 1215 1268 esse

468 1290 665 1323 noscuntur,
697 1296 733 1318 ex
754 1285 872 1330 quihus
894 1286 1023 1328 triginta
1048 1288 1087 1320 ad
1110 1287 1215 1322 minus

468 1338 609 1371 residere
630 1339 745 1379 solent,
762 1339 887 1383 ipsique
905 1340 1088 1373 beneficiati
1109 1341 1150 1374 ita
1169 1342 1215 1374 in-

468 1398 516 1424 ter
532 1402 565 1424 se
586 1392 839 1433 distinguuntur,
865 1398 895 1425 ut
919 1403 1031 1426 eorum
1055 1394 1155 1439 aliqui
1175 1396 1214 1428 de

469 1445 595 1480 maiori,
606 1445 658 1478 alii
674 1456 750 1478 vero
761 1446 800 1478 de
813 1446 930 1479 minori
949 1447 1049 1481 choro
1063 1458 1215 1481 censean-

468 1505 529 1534 turz
550 1510 661 1532 rursus
682 1510 717 1532 ex
739 1499 940 1533 beneficiatis
962 1501 1001 1534 de
1021 1501 1122 1535 choro
1147 1513 1214 1535 ma-

468 1552 526 1585 iori
559 1553 624 1585 duo
658 1552 924 1586 luiebdomadarii
957 1555 1124 1598 perpetui,
1159 1556 1214 1599 qui

468 1606 611 1650 reliquos
633 1606 752 1650 uquue
780 1608 998 1651 praecedunt,
1023 1613 1053 1641 et
1083 1609 1216 1643 alterius

468 1660 681 1692 hebdomadis
700 1660 812 1692 missas
831 1661 1037 1695 matutinales
1051 1662 1134 1696 inter
1151 1664 1215 1708 pri-

468 1725 552 1746 mam
587 1720 617 1747 et
647 1714 774 1747 tertiam
803 1715 900 1748 horas
936 1715 1070 1758 singulis
1101 1717 1215 1750 diebus

467 1769 656 1808 decantare,
680 1774 709 1801 et
731 1779 842 1801 curam
873 1768 1056 1802 animarum
1088 1769 1212 1803 incola-

469 1834 538 1854 rum
566 1822 664 1855 totius
695 1822 831 1855 civitatis
863 1823 1024 1866 praefatae
1051 1833 1213 1865 exercere,

467 1875 578 1919 eisque
599 1875 815 1908 ecelesiastica
837 1876 1044 1909 Sacramenta
1069 1877 1211 1910 admini-

467 1935 568 1962 strare
589 1934 749 1967 tenentur,
773 1939 877 1972 eoque
899 1929 1031 1963 non'iinc
1054 1930 1084 1962 in
1106 1941 1215 1964 annuo

468 1982 571 2016 reditu
612 1983 696 2015 ultra
743 1988 871 2015 eentum
913 1983 1047 2015 ducatos
1084 1983 1212 2018 ruilihet

470 2037 614 2080 ipsorum
636 2035 824 2075 obveniunt,
849 2046 962 2069 omnes
983 2047 1058 2069 vero
1087 2037 1212 2071 henefi-

468 2090 541 2123 viati
563 2091 603 2123 de
625 2090 725 2123 choro
741 2090 853 2122 maiori
870 2090 1055 2123 huiusmodi
1070 2100 1215 2124 commu-

470 2145 600 2178 nitatem
625 2145 708 2177 inter
735 2156 768 2176 se
799 2144 958 2183 efliciunt,
989 2156 1026 2177 ac
1047 2145 1077 2177 in
1099 2145 1215 2178 annuis

470 2198 678 2241 proventibus
699 2198 738 2230 ad
761 2197 898 2230 lnismille
925 2198 1059 2230 ducatos
1079 2198 1211 2235 similes,

470 2253 515 2284 vel
538 2252 678 2293 vii-cher,
699 2252 795 2285 etiam
819 2251 1020 2295 percipiunt,
1044 2258 1071 2285 et
1095 2264 1131 2285 ex
1154 2253 1214 2285 illis

471 2316 606 2337 massam
629 2316 835 2338 retinniunt-in
862 2304 1127 2338 distriluitionum
1151 2312 1212 2338 tatu

468 2358 601 2401 Capituli
623 2370 719 2401 quam
743 2357 1008 2391 beneficiatorum
1029 2357 1212 2391 huiusmodi

469 2412 687 2448 reiistituunt:
712 2422 850 2455 eamque
873 2411 1052 2444 interventu
1075 2412 1213 2444 duorum

470 2466 700 2498 rzmonieorum
720 2465 958 2503 :ulministranh
977 2472 1003 2499 et
1025 2476 1083 2509 pro
1101 2477 1213 2498 eorum

471 2520 649 2558 insignibus
661 2530 779 2563 cappas
792 2519 898 2559 nigras
909 2518 1058 2563 pellit-eas
1069 2518 1098 2551 in
1114 2519 1214 2552 choro

471 2574 635 2610 defu-runt,
660 2579 689 2605 et
723 2585 780 2616 prr
811 2584 863 2605 eas
895 2585 910 2605 a
945 2572 1144 2605 lwueticiatis
1175 2573 1214 2605 di·

471 2627 571 2658 choro
591 2627 705 2659 minori
726 2627 794 2659 illar-⁴
808 2638 870 2659 non
886 2626 1105 2659 deferentibus
1119 2626 1213 2659 etiam

473 2679 734 2717 distinguuntur',
758 2680 890 2712 eet-lesia
913 2685 1018 2713 autem
1040 2680 1071 2713 S.
1087 2679 1215 2713 loannis

1046 274 1230 297 nummum
1251 267 1405 298 nonasu‘n

1244 321 1403 366 Baptistae
1423 315 1567 366 praefata
1588 323 1618 355 in
1640 323 1752 366 primis
1778 329 1939 357 structura
1960 329 1991 357 et

1246 375 1395 408 aedificio
1416 376 1592 409 admodum
1625 382 1769 416 venusta,
1792 377 1990 420 paramentis

1246 434 1353 461 autern
1373 434 1403 461 et
1423 429 1623 462 ornamentis
1644 429 1683 462 ad
1703 429 1847 463 divinum
1869 431 1991 464 cultum

1246 482 1435 516 necessariis
1455 483 1531 516 satis
1552 484 1705 516 decenter
1725 484 1891 524 instructa,
1907 483 1993 517 iuxta

1247 546 1316 569 eam
1336 537 1490 579 palatium
1513 534 1552 569 ad
1574 536 1692 570 dictam
1706 547 1851 570 mensam
1870 537 1993 581 episco-

1246 590 1352 633 palem
1367 589 1507 632 legitime
1525 595 1684 633 spectans,
1701 596 1732 623 et
1751 590 1924 634 episcopali
1944 602 1995 624 re-

1247 642 1404 676 sidentiae
1425 640 1633 676 commodum
1666 643 1823 685 consistit,
1847 650 1878 677 et
1904 644 1934 677 in
1957 656 1994 678 ea

1248 695 1359 737 viginti
1392 702 1532 740 quatuor
1559 697 1768 730 canonicatus
1799 703 1827 729 et
1859 697 1992 731 totidem

1249 749 1463 792 praebendae,
1485 760 1521 782 ac
1541 760 1576 782 ex
1597 749 1658 783 illis
1679 761 1762 783 unus
1776 756 1806 783 et
1828 760 1892 783 una
1905 761 1994 784 men-

1248 813 1301 835 sae
1322 803 1508 847 episeopali,
1533 814 1569 836 ac
1590 803 1671 836 alter
1698 810 1728 837 et
1758 804 1859 837 altera
1886 804 1993 838 officio

1248 855 1466 900 inquisit-ionis
1486 856 1672 891 huiusmodi
1693 858 1789 891 etiam
1814 857 1914 898 uniti,
1937 868 1991 891 re-

1248 910 1327 953 liqui
1358 920 1434 943 vero
1465 910 1623 951 collativi‚
1655 916 1686 944 et
1711 911 1795 944 ultra
1822 912 1995 946 canonicos

1248 963 1348 1007 ipsius
1369 963 1524 997 ecclesiae
1545 964 1650 997 Sancti
1679 964 1808 998 Ioannis
1834 965 1995 1008 Baptistae

1249 1017 1335 1051 illius
1355 1017 1536 1061 Capitulum
1558 1017 1678 1051 ibidem
1700 1018 1874 1052 efficientes
1894 1018 1992 1062 quin—

1249 1071 1403 1115 quaginta
1423 1077 1454 1104 et
1474 1072 1582 1105 forsan
1599 1072 1710 1116 plures
1729 1072 1911 1106 beneficiati
1931 1082 1996 1106 una

1249 1137 1322 1159 rum
1345 1125 1421 1169 ipsis
1447 1125 1623 1166 canonicis,
1653 1131 1686 1159 ut
1717 1126 1893 1170 plurimum
1917 1126 1996 1160 inihi

1249 1179 1447 1213 coniunctim
1482 1179 1624 1212 residere
1661 1179 1746 1212 soliti
1778 1179 1934 1221 existunt,
1966 1186 1998 1214 et

1249 1232 1421 1274 collegium
1442 1243 1499 1266 seu
1519 1232 1784 1266 communitatem
1799 1232 1952 1274 efficiunt,
1965 1239 1997 1267 et

1249 1285 1347 1318 annui
1368 1291 1542 1329 proventus
1563 1295 1676 1319 eorum
1698 1296 1822 1319 massae
1843 1297 1993 1320 commu-

1250 1339 1298 1371 nis
1319 1339 1358 1371 ad
1379 1340 1521 1372 valorem
1544 1339 1682 1372 hismille
1713 1344 1746 1372 ct
1771 1345 1995 1373 sexcentorum

1250 1393 1443 1426 ducatorum
1462 1392 1615 1425 similium
1646 1393 1835 1433 ascendunt,
1860 1403 1993 1427 omnes-

1250 1457 1312 1490 que
1334 1446 1417 1479 inter
1444 1446 1618 1480 canonicos
1639 1452 1669 1480 ct
1699 1446 1910 1480 beneficiatos
1938 1457 1993 1480 ec-

1250 1500 1365 1534 clesiae
1376 1500 1483 1534 Sancti
1495 1500 1622 1534 loannis
1636 1500 1794 1545 Baptistae
1808 1500 1996 1534 huiusmodi

1251 1553 1371 1587 ibidem
1408 1553 1584 1587 residentes
1621 1564 1682 1597 pro
1715 1553 1997 1588 distributionibus

1251 1607 1360 1640 dietim
1392 1607 1624 1651 repartiuntur.
1660 1607 1826 1641 Caeterum
1856 1603 1930 1640 cu'm
1959 1607 1996 1641 ex

1250 1661 1468 1705 praenarratis
1488 1661 1592 1694 causis
1616 1661 1734 1694 nedum
1761 1666 1993 1704 opportunum,

1250 1715 1304 1748 sed
1325 1715 1421 1748 ctiam
1451 1714 1667 1748 necessarium
1688 1714 1744 1754 sit,
1768 1719 1803 1747 ut
1822 1713 1996 1748 residentia

1250 1768 1393 1812 episcopi
1414 1773 1443 1801 et
1458 1767 1689 1811 canonicorum
1701 1767 1887 1800 Elnensium
1903 1777 1996 1812 prac-

1251 1824 1389 1856 fatorum
1411 1822 1451 1855 ad
1471 1821 1567 1854 aliam
1590 1832 1624 1854 ex
1646 1821 1884 1854 circumvicinis
1903 1821 1996 1865 oppi-

1251 1877 1298 1909 dis
1316 1875 1483 1910 ecclesiam
1506 1875 1567 1908 illis
1588 1885 1646 1918 pro
1675 1885 1787 1908 eorum
1809 1874 1995 1908 huiusmodi

1251 1929 1422 1963 residentia
1434 1928 1674 1962 concedendam
1688 1927 1908 1969 transferatur,
1925 1927 1996 1960 nul-

1250 1984 1345 2027 laque
1362 1983 1436 2020 alia,
1452 1993 1549 2026 quam
1571 1982 1714 2025 praefata
1735 1980 1869 2014 ecclesia
1886 1981 1994 2015 Sancti

1251 2037 1379 2071 loannis
1400 2036 1558 2080 Baptistae
1576 2036 1615 2069 ad
1641 2036 1702 2070 ho'c
1723 2035 1926 2069 commodius
1947 2036 1994 2069 vel

1249 2091 1416 2125 decentius
1435 2089 1590 2133 assignari
1613 2089 1724 2134 possit,
1746 2089 1935 2122 indecorum
1951 2094 1995 2122 ta-

1251 2150 1374 2177 menet
1398 2143 1576 2186 iurgiorum
1609 2142 1743 2175 materia
1774 2142 1937 2182 videatur,
1969 2141 1994 2175 si

1250 2199 1314 2231 due
1331 2197 1475 2241 Capitula
1496 2195 1706 2234 coniunctim,
1727 2200 1759 2228 et
1779 2195 1892 2228 eodem
1916 2200 1995 2232 tem7

1250 2262 1328 2296 pore
1347 2250 1402 2284 uni
1424 2250 1596 2293 eidemque
1618 2249 1771 2282 ecclesiae
1801 2247 1992 2289 deserviant,

1250 2311 1276 2338 et
1302 2305 1402 2337 multo
1423 2304 1530 2337 minus
1550 2302 1730 2343 conveniat,
1747 2308 1778 2335 ut
1797 2301 1880 2335 dicta
1895 2302 1996 2336 eccle-

1249 2359 1295 2391 sia
1316 2357 1460 2391 lunensis
1481 2356 1578 2389 divini
1597 2356 1702 2389 cultus
1722 2355 1874 2389 exercitio
1896 2365 1992 2399 pror-

1249 2423 1302 2445 sus
1322 2411 1533 2450 destituatur;
1565 2415 1738 2454 propterea
1767 2409 1938 2453 episcopus
1965 2414 1996 2442 et

1250 2465 1426 2508 capitulum
1456 2464 1607 2497 Elnenses
1638 2463 1715 2495 haer
1747 2461 1856 2495 omnia
1888 2461 1994 2496 altiori

1249 2518 1358 2551 animo
1379 2518 1588 2555 revolventes,
1605 2527 1677 2549 rum
1693 2515 1834 2560 capitulo
1849 2521 1879 2549 et
1899 2525 1996 2549 cano-

1251 2572 1330 2605 nicis
1358 2570 1510 2605 ecelesiae
1540 2569 1646 2603 sancti
1681 2568 1810 2603 loannis
1836 2567 1995 2612 Baptistae

1251 2624 1435 2658 huiusmodi
1461 2623 1690 2656 conventiones
1717 2628 1748 2656 ot
1773 2627 1865 2666 pacta
1890 2621 1992 2654 infra-

1249 2678 1388 2722 scripta,
1411 2678 1470 2711 suli
1492 2683 1603 2710 nostro
1624 2682 1655 2710 et
1679 2675 1770 2710 Sedis
1790 2673 1995 2718 apostoticae

2003 275 2051 301 An.
2067 275 2095 302 C.
2117 277 2156 304 itt.

2018 336 2127 359 Ecclesiae
2136 341 2152 363 -ῑξ

2004 363 2032 383 cti
2047 363 2154 384 loanni·-

2003 389 2082 415 ptis-tae
2097 395 2124 417 qu
2138 391 2152 414 ,t-

2005 419 2044 437 tes.
