2253 3195
239 215 290 243 An.
312 216 342 244 c.
359 216 428 244 ¹602
473 208 537 242 850
1028 219 1215 244 nummum
1234 220 1389 244 Romnum

438 277 511 300 rum
536 267 588 308 fit,
609 278 706 311 quam
735 278 771 300 ex
791 267 956 300 exactione
985 267 1184 301 creditorum
1218 267 1302 301 Fisci
1327 267 1429 301 nostri
1460 268 1561 301 factae
1589 274 1705 302 essent.
1728 268 1850 308 Quibus
1881 270 1965 303 solas

437 321 665 364 litigiosorum,
689 321 784 354 etiam
810 320 836 354 si
858 331 1018 354 consensu
1043 321 1184 365 partium
1219 321 1350 355 cedulas
1369 332 1503 355 suorum
1525 321 1797 366 depositariorum
1817 323 1965 357 sufficere

1981 220 2030 246 An.
2051 219 2107 247 (1.1

437 374 648 413 subhastatio,
673 374 816 408 venditio
842 380 873 408 et
897 375 1020 408 exactio
1044 374 1111 415 fiat,
1126 385 1186 408 nec

437 438 502 461 non
522 433 622 461 totum
643 428 786 472 pretium
819 429 965 462 omnium
989 439 1099 462 rerum
1127 440 1186 473 per

437 481 716 515 subhastationem
738 482 943 515 venditarum
976 487 1007 515 et
1037 482 1183 515 venden-

438 535 564 575 darum,
593 545 630 568 ac
649 535 806 579 pecuniae
824 541 855 569 et
871 536 956 569 bona
981 536 1118 569 durante
1138 535 1186 569 iu-

438 588 523 621 dicio
541 588 750 623 discussionis
771 589 928 632 exigenda
941 595 981 626 ,et
1005 590 1187 633 colligenda

437 652 496 686 per
515 642 638 676 iudices
655 653 826 676 causarum
841 643 1062 684 discussionis,
1079 654 1116 676 ac
1129 653 1188 687 per

439 705 587 729 cursores
611 702 643 729 et.
663 696 894 738 mandatarios,
917 708 974 731 seu
998 707 1057 741 per
1084 707 1184 741 quos-

440 759 579 793 cumque
596 750 676 784 alios
705 751 745 784 ad
770 751 802 784 id
823 752 1009 795 deputatos,
1033 751 1130 784 etiam
1155 750 1188 783 in

441 803 544 836 causis
564 803 798 846 criminalibus,
811 816 847 838 ac
864 805 1004 849 pretium
1025 805 1186 838 bonorum
1204 822 1207 851 Ι

440 855 614 897 stabilium,
631 857 739 900 vigore
757 857 995 891 constitutionis
1007 868 1105 902 super
1118 856 1188 890 iure

441 910 576 953 congrui
606 921 664 954 per
696 911 816 945 dictum
838 911 1029 955 Gregorium
1055 913 1189 956 praede-

442 974 601 997 cessorem
623 965 740 1005 editae,
764 965 971 999 venditorum
993 972 1023 999 et
1042 966 1185 1000 renden-

441 1017 570 1059 dorum,
586 1018 619 1050 in
640 1018 726 1052 dicto
746 1019 851 1053 Monte
869 1019 1090 1061 effectualiter,
1105 1026 1136 1054 et
1155 1020 1187 1053 in

441 1077 611 1105 numerata
633 1073 772 1116 pecunia
793 1073 1020 1117 deponantur,
1044 1074 1140 1107 etiam
1162 1074 1187 1106 si

441 1135 500 1168 per
516 1125 665 1158 cedulam
680 1137 886 1170 campsorum
908 1127 1033 1161 solvere
1053 1127 1189 1171 promit-

441 1178 588 1220 tentium,
598 1189 655 1212 seu
669 1186 886 1214 mercatorum
901 1180 1081 1214 oblationes
1094 1180 1184 1222 fiant,

442 1233 473 1266 in
494 1233 620 1268 casibus
645 1235 828 1279 praedictis.
853 1236 984 1269 Necnon
1007 1235 1134 1280 quoties
1151 1246 1188 1269 ex

441 1287 550 1332 aliqua
581 1288 803 1333 dispositione,
827 1289 922 1323 etiam
955 1300 1014 1333 per
1046 1300 1105 1323 nos
1140 1289 1188 1322 vel

442 1353 643 1376 successores
668 1350 806 1385 nostros,
837 1344 970 1388 aliquod
1006 1343 1188 1388 depositum

442 1407 541 1440 penes
561 1397 674 1431 aedem
696 1408 833 1438 sacram,
857 1404 912 1431 aut
930 1408 1102 1443 personam
1125 1397 1188 1431 side

443 1456 472 1483 et
495 1451 700 1485 facultatibus
721 1451 871 1485 idoneam
898 1451 957 1485 erit
978 1451 1161 1485 faciendum
1178 1479 1185 1492 ,

442 1510 610 1538 censeatur
629 1505 718 1538 Mons
742 1505 870 1539 Pietatis
891 1505 1078 1539 huiusmodi
1099 1506 1138 1539 ad
1157 1506 1188 1539 id

441 1557 623 1602 specialiter
652 1559 823 1603 deputatus
854 1569 893 1592 eo
920 1559 1009 1603 ipso,
1035 1559 1188 1603 ipsaeque

440 1611 596 1655 pecuniae
615 1622 672 1656 per
691 1612 773 1645 dicti
789 1612 903 1646 Montis
920 1612 1086 1653 officiales,
1107 1613 1189 1647 sicut

441 1672 568 1699 caetera
588 1666 734 1710 deposita
753 1666 831 1699 inibi
850 1666 1007 1707 facienda,
1022 1666 1103 1710 exigi
1117 1678 1191 1711 pos-

443 1719 508 1752 sint
528 1725 557 1753 ct
579 1720 729 1753 debeant.

488 1773 556 1816 §la
580 1773 615 1807 Et
636 1774 661 1807 si
691 1784 789 1818 super
820 1774 1027 1818 praemissis,
1059 1774 1113 1807 ubi
1145 1775 1190 1807 sa-

244 1864 268 1877 m
295 1830 315 1876 τ’·
350 1827 594 1877 ¹¹¹⁶ssgcicndum
630 1827 671 1861 sit
701 1828 906 1872 depositum,
942 1828 1059 1861 dentur
1093 1839 1191 1872 penes

264 1891 269 1903 ¹
308 1890 417 1904 ¹¹⁰·*··¹²
445 1887 515 1914 acta
546 1881 747 1914 notariorum
778 1882 906 1926 aliquae
938 1881 1073 1915 cedulae
1109 1893 1190 1926 quo-

316 1892 319 1903 l
357 1898 360 1903 ι

244 1917 290 1931 mut
309 1911 429 1932 ‹tut-tauns.

446 1945 661 1978 rumcumque
675 1945 879 1979 campsorum
895 1935 941 1968 vel
957 1940 1188 1976 mercatorum,

447 1989 541 2022 etiam
564 1989 587 2021 si
610 1988 640 2022 in
667 1988 712 2022 cis
733 1989 875 2029 dicatur,
897 1989 984 2033 quod
1003 1989 1078 2022 dicti
1102 2000 1188 2022 mer-

447 2048 571 2075 catores
591 2053 623 2075 se
645 2042 800 2083 obligent,
818 2042 906 2075 nulla
925 2044 1007 2075 sacta
1029 2042 1192 2075 mentione

446 2096 596 2140 depositi,
620 2096 674 2129 sed
703 2096 912 2140 simpliciter,
936 2096 983 2129 vel
1013 2096 1091 2128 alias
1111 2106 1189 2139 pro-

448 2150 572 2183 mittant
587 2156 641 2183 aut
657 2160 689 2183 se
699 2150 843 2191 obligent
857 2150 895 2183 dc
908 2150 1073 2189 solvendo,
1084 2149 1192 2182 auimo

446 2214 478 2235 sc
500 2203 661 2236 rcvalcndi
690 2214 707 2235 a
737 2196 997 2247 quibusrumque
1023 2201 1189 2244 obligatis,

447 2269 501 2290 seu
524 2258 676 2290 interesse
703 2257 910 2296 habentibus,
936 2257 981 2290 ιιι-Ι
1004 2256 1079 2289 dicti
1104 2267 1189 2289 mer-

447 2317 573 2344 ratores
594 2310 721 2349 sac-iant,
740 2316 793 2343 aut
807 2316 916 2344 creent
941 2310 1011 2343 illos
1032 2309 1193 2343 debitores

449 2364 478 2396 in
511 2376 623 2397 corum
652 2364 762 2404 libris,
787 2364 832 2397 iel
859 2364 936 2397 alias
961 2365 999 2396 ad
1035 2370 1141 2407 partes
1163 2363 1192 2395 in

448 2429 522 2450 vasu
550 2418 685 2451 liniendi
719 2418 874 2462 depositi,
896 2424 927 2451 ut
949 2428 1066 2462 supra,
1091 2417 1193 2450 dictae

449 2472 580 2504 sedulae
600 2473 781 2505 nullatcnus
799 2472 1026 2513 suffragentur,
1042 2471 1096 2503 sed
1109 2482 1193 2504 sem-

451 2536 506 2568 per
527 2526 565 2558 ad
593 2526 801 2570 ‹lc-ponendas
834 2525 987 2570 pet-unias
1017 2525 1046 2557 iu
1079 2525 1192 2557 codem

1220 380 1251 407 et
1275 374 1444 417 suffragari
1467 375 1625 409 volumus.

1266 427 1334 470 35.
1369 428 1501 462 Necnon
1533 439 1681 462 cursores
1711 435 1742 462 et
1773 429 1964 462 mandatarii
1990 441 2131 473 *eursoyesp

1219 481 1386 525 praedicti,
1411 486 1513 515 totum
1535 487 1566 514 et
1589 481 1751 525 integrum
1769 482 1910 526 pretium
1931 468 2144 518 0-'3¹,¹;¹,¹gg³¹,⁵1¹‚¹3¹21¹2

1221 536 1344 568 mnium
1366 547 1475 569 rerum
1501 547 1559 580 per
1587 537 1863 571 subhastationem
1885 548 1963 571 ven·
1981 522 2095 548 ‘mmmm'

1221 590 1413 630 dendarum,
1437 589 1534 623 etiam
1556 590 1588 623 in
1606 590 1710 624 causis
1731 591 1964 633 criminalibus,

1221 643 1384 677 satisfacto
1404 644 1493 688 prius
1514 655 1573 688 per
1597 655 1652 678 eos
1673 645 1794 679 eisdem
1820 646 1965 679 credito-

1221 696 1321 738 ribus,
1333 697 1388 740 qui
1402 696 1487 730 dicta
1500 697 1586 730 bona
1599 697 1790 732 subhastare
1809 698 1964 740 fecerunt,

1221 761 1320 794 penes
1341 751 1491 784 eumdem
1517 751 1657 785 Montem
1680 751 1815 794 integre,
1838 752 1969 786 realiter

1223 809 1342 837 etcum
1369 804 1483 837 effectu
1512 804 1618 837 statim
1643 804 1777 838 omnino
1806 805 1970 848 deponant

1223 863 1253 891 et
1273 857 1391 902 deponi
1413 863 1546 899 curent,
1571 864 1602 892 et
1622 858 1726 892 donec
1753 869 1818 892 non
1851 858 1891 891 sit
1917 858 1966 891 sa-

1223 917 1308 944 ctum
1331 911 1451 945 dictum
1472 911 1666 956 depositum,
1690 922 1755 945 non
1775 911 1970 956 possintnec

1224 964 1363 998 debeant
1383 965 1422 998 de
1443 976 1556 998 eorum
1577 965 1727 998 mercede
1747 966 1807 1009 p'ro
1828 971 1901 998 actu
1914 965 1970 999 de-

1223 1018 1424 1052 liberationis
1450 1025 1572 1052 tantum
1595 1019 1702 1052 debita
1726 1018 1884 1052 satisfieri.

1269 1071 1334 1114 50.
1358 1072 1514 1116 Quodque
1536 1083 1648 1106 omncs
1677 1078 1707 1106 et
1734 1072 1852 1115 singuli
1877 1081 1969 1106 nota-

1223 1125 1261 1158 rii
1282 1125 1437 1169 praedicti
1465 1135 1530 1159 non
1555 1125 1678 1169 possint
1707 1125 1852 1169 recipere
1883 1125 1968 1159 dicta

1224 1179 1380 1224 deposita,
1408 1179 1472 1212 sive
1492 1179 1524 1212 in
1542 1179 1680 1223 pecunia
1699 1179 1764 1212 sive
1792 1179 1825 1212 in
1845 1178 1968 1212 cedulis

1224 1233 1381 1274 facienda,
1392 1233 1448 1267 sed
1460 1233 1513 1267 illa
1522 1234 1628 1266 statim
1642 1233 1681 1266 ad
1696 1233 1816 1266 dictum
1828 1233 1967 1266 Montem

1225 1287 1440 1321 transmittere
1461 1293 1644 1327 teneantur,
1672 1287 1731 1320 sub
1753 1287 1968 1320 ducentorum

1224 1341 1414 1374 ducatorum
1439 1346 1469 1374 et
1492 1341 1563 1374 aliis
1587 1340 1721 1373 arbitrio
1742 1351 1801 1384 pro
1822 1345 1968 1384 tempore

1224 1393 1387 1427 existentis
1412 1394 1486 1427 dicti
1508 1394 1623 1427 Montis
1646 1393 1839 1438 protectoris
1859 1393 1966 1438 impo-

1223 1447 1337 1481 nendis
1363 1454 1392 1481 et
1412 1447 1612 1492 applicandis
1635 1447 1760 1492 poenis.

1268 1501 1282 1545 g
1303 1501 1332 1534 7.
1357 1502 1393 1534 Et
1411 1501 1499 1546 qnod
1523 1512 1621 1545 super
1642 1501 1787 1544 pecuniis
1808 1499 1970 1544 deposita·
2004 1510 2146 1537 &questrat

1224 1554 1261 1588 tis
1280 1555 1311 1587 in
1329 1554 1415 1588 dicto
1435 1555 1541 1588 Monte
1561 1565 1625 1588 non
1655 1554 1779 1598 possint
1799 1553 1886 1594 fieri,
1910 1563 1969 1588 nee
1984 1539 2136 1611 ssffiigquii

1223 1608 1342 1653 apponi
1372 1608 1480 1652 aliqua
1507 1614 1690 1652 sequestra,
1711 1608 1883 1652 minusque
1904 1607 1965 1641 ali·
1984 1591 2072 1612 ‘mm'

1224 1673 1306 1707 quae
1327 1661 1536 1695 inhibitiones
1565 1672 1626 1695 nec
1654 1662 1805 1694 mandata
1834 1661 1873 1695 dc.
1904 1671 1969 1695 non

1224 1715 1389 1755 solvendo,
1412 1725 1466 1748 scu
1489 1715 1528 1748 dc
1557 1725 1623 1748 non
1648 1714 1886 1758 consignando,
1911 1724 1971 1748 nec

1225 1770 1333 1814 aliqua
1362 1769 1424 1802 alia
1455 1769 1688 1813 impedimenta
1719 1769 1804 1802 circa
1835 1779 1871 1802 ca
1901 1768 1970 1802 sieri

1225 1824 1358 1868 possint,
1378 1829 1604 1868 praeterquam
1632 1823 1672 1856 ad
1699 1822 1882 1855 instantiam
1908 1821 1967 1855 Ca-

1227 1889 1334 1912 merac
1355 1883 1385 1911 et
1407 1877 1498 1917 Fisci,
1523 1877 1582 1910 nisi
1605 1877 1644 1910 dc
1671 1876 1822 1909 mandato
1853 1881 1884 1909 et
1911 1886 1968 1908 or-

1226 1932 1300 1965 dine
1318 1930 1510 1975 protectoris
1525 1930 1600 1963 dicti
1614 1929 1728 1963 Montis
1746 1940 1805 1973 pro
1827 1935 1972 1973 tempore

1226 1985 1408 2025 existentis,
1437 1995 1493 2017 scu
1526 1976 1641 2017 iudicis
1673 1984 1712 2016 ab
1742 1994 1780 2015 co
1812 1982 1968 2027 deputati,

1226 2039 1281 2072 sed
1304 2043 1482 2082 sequestra,
1509 2037 1716 2070 inhibitiones
1737 2042 1767 2070 ct
1788 2036 1849 2070 alia
1872 2036 1973 2080 impe-

1227 2092 1368 2131 dimenta
1401 2090 1564 2135 praedicta
1597 2090 1666 2123 lieri
1700 2089 1822 2134 possint
1847 2094 1970 2122 tantum

1226 2156 1323 2190 super
1343 2145 1471 2183 redula,
1504 2154 1586 2188 quae
1615 2155 1631 2177 a
1661 2143 1814 2177 ministris
1845 2148 1877 2176 ct
1896 2142 1969 2177 offi-

1227 2200 1361 2233 cialibus
1386 2198 1499 2232 Montis
1525 2198 1554 2230 iu
1577 2197 1673 2231 sidem
1695 2203 1726 2231 et
1752 2196 1971 2230 testimonium

1229 2253 1300 2287 lin-ti
1315 2252 1450 2297 depositi
1465 2251 1533 2285 lieri
1555 2251 1648 2291 solet,
1665 2257 1697 2284 ct
1716 2261 1813 2295 penes
1826 2256 1896 2284 acta
1917 2260 1974 2283 uo-

1229 2307 1298 2341 tarii
1318 2317 1450 2345 causac,
1472 2306 1513 2339 ob
1534 2316 1630 2349 quam
1661 2305 1777 2338 sactum
1800 2309 1846 2337 nst
1867 2304 1969 2348 depo-

1227 2361 1344 2398 situm,
1368 2359 1508 2392 ‹wliihita
1538 2365 1567 2392 vt
1598 2358 1755 2403 producta
1775 2357 1881 2396 suerit,
1903 2357 1969 2398 ubi,

1228 2414 1365 2447 consuto
1391 2413 1429 2446 dc
1455 2411 1681 2446 iustificatione
1702 2411 1891 2444 eormndem
1918 2421 1969 2444 sc-

1228 2473 1448 2512 qucstrorum,
1474 2466 1567 2499 iudex
1599 2476 1714 2498 causae
1740 2464 1906 2498 mandabit
1938 2463 1970 2497 in

1228 2522 1314 2555 calce
1346 2522 1392 2554 rel
1421 2531 1438 2553 a
1465 2526 1554 2561 tergo
1575 2519 1719 2553 eiusdem
1746 2518 1898 2556 cedulae,
1922 2517 1972 2551 cui

1996 1081 2089 1103 Notat-iis
2097 1081 2118 1102 in
2127 1081 2147 1102 ο·

1982 1109 2030 1130 dem
2037 1108 2124 1130 casibus
2129 1107 2143 1130 d

1982 1136 2053 1162 posita
2068 1137 2090 1157 οι
2103 1140 2128 1156 ce

1982 1164 2014 1184 tas
2028 1161 2106 1184 Montis
2119 1166 2158 1183 cot

1983 1190 2073 1216 signant.

450 2577 555 2611 Monte
576 2585 743 2621 vogxuitur,
767 2579 826 2612 nisi
848 2579 981 2612 cedulae
1008 2578 1192 2611 huiusmodi
1227 2575 1399 2609 solvendae
1423 2574 1538 2607 sut-rint
1562 2572 1719 2617 pecuniae
1749 2571 1970 2616 dopositatae·‚

451 2631 489 2664 ad
523 2632 663 2663 lavoro-m
695 2632 740 2664 iel
775 2632 958 2664 instantiam
987 2633 1138 2664 (laun-ru·-
1164 2636 1191 2663 et
1228 2629 1318 2662 cums
1343 2628 1473 2672 quidem
1507 2627 1640 2661 cedula«=
1665 2632 1692 2658 vt
1721 2624 1861 2658 mandati
1883 2623 1914 2657 t'n
1936 2634 1972 2658 ca
