2253 3195
291 251 342 279 An,
363 250 393 278 c.
407 250 475 279 1597
521 240 585 274 378

288 574 400 603 clausulae
411 579 471 599 prae·

286 603 412 622 servativae.

309 1530 420 1552 Clausulas
431 1531 466 1551 du·

282 1561 411 1583 νομιοηιε.

318 2537 463 2564 anptorum

487 301 603 338 levare,
627 309 663 331 ac
683 299 715 330 in
728 297 891 331 seminarii
911 307 968 330 seu
988 296 1158 330 novitiatus
1170 297 1230 329 hu-

488 352 625 386 iusmodi
657 361 733 384 usus
755 356 785 383 et
814 349 984 383 utilitatem
1016 355 1224 390 convertere,

487 406 620 439 alicuius
653 405 783 438 licentia
802 415 898 448 super
928 404 990 437 hoc
1013 404 1147 437 minime
1176 414 1227 436 re-

487 459 613 502 quisita.

530 513 545 554 §
569 511 599 544 5.
627 512 840 545 Decernentes
868 512 1043 551 unionem,
1074 511 1226 545 annexio-

485 576 558 598 nem
588 570 619 598 et
638 565 935 608 incorporationem
950 593 957 606 ,
985 565 1112 608 aliaque
1135 576 1228 609 prae-

486 618 592 657 missa,
616 623 774 662 perpetuo
798 618 903 651 valida
932 623 964 651 et
994 618 1136 651 efficacia
1160 618 1227 651 fore

485 677 516 704 et
535 681 614 711 esse,
638 681 697 704 nec
721 681 779 715 per
802 682 1023 715 quascumque
1047 676 1172 704 nostras
1197 676 1228 704 et

484 735 542 768 pro
551 730 696 768 tempore
705 724 908 758 existentium
915 726 1137 759 Romanorum
1145 725 1228 758 Pon—

484 778 623 818 tificum,
647 778 745 811 etiam
770 778 802 811 in
828 778 1004 812 crastinum
1034 780 1227 823 assumptio-

483 831 532 865 nis
543 833 592 865 ad
612 833 809 876 apostolatus
828 833 952 876 apicem
966 832 1068 866 editas
1088 839 1117 866 et
1131 834 1228 866 eden-

484 886 540 918 das
561 885 807 919 constitutiones
825 891 856 918 et
875 886 1014 928 regulas,
1025 886 1121 919 etiam
1136 887 1228 919 unio-

482 948 560 971 num
585 938 699 971 effectu
719 948 784 972 non
813 938 975 972 unitarum
999 939 1224 980 revocatorias,

484 992 624 1025 revocari
643 998 697 1025 aut
711 993 769 1025 sub
787 992 825 1025 iis
838 992 1227 1036 compraehendi.Sicque

483 1056 541 1089 per
559 1056 781 1090 quoscumque
796 1046 918 1080 iudices
931 1053 962 1080 et
974 1047 1223 1087 commissarios,

483 1099 594 1142 quavis
619 1099 810 1133 auctoritate
835 1099 1015 1142 fungentes,
1038 1100 1165 1133 sublata
1182 1100 1226 1134 eis

483 1162 595 1185 eorum
619 1153 748 1186 cuilibet
770 1152 881 1196 quavis
897 1152 991 1186 aliter
1011 1153 1175 1186 iudicandi
1195 1159 1227 1186 et

482 1205 714 1250 interpretandi
729 1207 878 1240 facultate
891 1212 923 1239 et
935 1206 1136 1246 auctoritate,
1147 1207 1222 1240 ubi-

481 1270 544 1303 que
564 1259 699 1293 iudicari
724 1265 753 1292 et
775 1259 902 1292 definiri
932 1259 1069 1300 debere,
1098 1271 1225 1294 necnon

481 1311 608 1345 irritum
642 1318 673 1346 et
698 1312 812 1353 inane,
845 1312 870 1345 si
895 1323 988 1346 secus
1012 1324 1109 1357 super
1132 1314 1181 1347 his
1206 1325 1223 1347 a

481 1376 657 1410 quoquam,
675 1366 785 1410 quavis
803 1366 1003 1407 auctoritate,
1021 1367 1159 1401 scienter
1176 1368 1223 1400 vel

483 1419 681 1463 ignoranter,
709 1419 880 1461 contigerit
899 1419 1059 1452 attentari.

527 1473 591 1515 56.
614 1473 683 1506 Non
712 1473 912 1506 obstantibus
933 1479 1042 1507 nostra
1067 1474 1106 1507 de
1125 1475 1221 1508 unio-

481 1525 575 1559 nibus
605 1526 844 1560 committendis
876 1528 915 1560 ad
946 1532 1074 1570 partes,
1104 1528 1225 1561 vocatis

481 1591 619 1624 quorum
641 1580 782 1621 interest,
798 1586 829 1613 et
848 1580 1058 1624 exprimendo
1078 1592 1153 1615 vero
1173 1593 1225 1615 va-

480 1634 563 1673 lore,
584 1644 621 1667 ac
642 1633 861 1667 Lateranensis
892 1634 1024 1668 Concilii
1053 1635 1224 1669 novissime

480 1687 643 1727 celebrati,
661 1687 797 1720 uniones
821 1693 991 1731 perpetuas
1011 1687 1072 1721 nisi
1093 1688 1124 1721 in
1145 1689 1225 1722 casi-

481 1740 539 1772 bus
563 1751 581 1773 a
610 1740 677 1774 iure
702 1740 866 1784 permissis
897 1740 968 1773 lieri
999 1740 1220 1784 prohibentis,

480 1793 614 1837 aliisque
635 1794 918 1827 constitutionibus
951 1800 981 1827 et
1011 1795 1223 1829 ordinationi-

480 1847 539 1879 bus
559 1847 754 1890 apostolicis‚
769 1857 805 1879 ac
826 1847 1096 1880 monasteriorum
1116 1848 1220 1882 etOr-

481 1899 563 1933 dinis
592 1899 852 1943 praedictorum,
885 1900 980 1932 etiam
1016 1901 1219 1942 iuramento,

480 1953 727 1986 confirmatione
748 1953 933 1996 apostolica,
959 1954 1005 1986 vel
1035 1954 1145 1997 quavis
1170 1956 1223 1988 tir-

480 2005 589 2038 mitatc
609 2005 671 2038 alia
693 2005 850 2039 roboratis
875 2006 1000 2039 statutis
1031 2012 1061 2039 ct
1089 2017 1224 2041 consue-

480 2060 656 2100 tudinibns,
681 2059 855 2103 privilegiis
876 2070 1020 2103 quoquc,
1042 2060 1172 2093 indultis
1193 2067 1223 2094 ct

480 2112 593 2145 litteris
624 2113 807 2156 apostolicis
839 2113 869 2145 iu
901 2113 1097 2145 contrarium
1128 2110 1221 2157 prae-

479 2166 657 2199 missorum
673 2166 917 2210 quomodolibet
939 2167 1096 2199 concessis
1112 2194 1118 2207 ,
1140 2178 1218 2200 con-

480 2219 613 2252 firmatis
641 2225 671 2252 ct
695 2219 892 2263 approbatis.
920 2219 1041 2258 Quibus
1071 2221 1222 2254 omnibns

479 2281 509 2307 ct
533 2275 682 2317 singulis,
707 2286 818 2307 norum
845 2281 972 2307 tenores
1002 2275 1222 2318 praesentibus

479 2338 538 2371 pro
565 2328 721 2372 «expressis
747 2334 773 2360 vt
796 2328 835 2360 ad
861 2328 992 2360 verbum
1015 2328 1140 2360 insi-rtis
1159 2329 1217 2361 lia-

480 2381 590 2413 tientes
605 2408 612 2421 ,
638 2381 696 2414 liat·
717 2381 783 2413 vico
804 2382 964 2414 dumtaxat
991 2381 1171 2424 specialiter
1191 2388 1218 2414 ct

479 2444 624 2477 express<-
651 2434 854 2473 derossamus.

523 2490 539 2529 ς
561 2487 589 2519 7.
616 2487 768 2520 Volumus
796 2494 922 2527 autem,
947 2489 1032 2531 quod
1065 2498 1216 2531 praescn-

480 2539 556 2571 tium
582 2540 800 2584 transumptis,
819 2551 915 2573 manu
936 2540 1081 2578 alicuius,
1104 2540 1218 2573 notarii

479 2593 597 2635 publici
615 2594 857 2637 sut‚s··1·i1›tis‚et
878 2594 983 2635 sigillo
1001 2593 1135 2626 alicuius
1149 2603 1219 2637 pcr-

477 2655 574 2680 sonac
593 2646 623 2678 in
645 2647 797 2689 dignitate
825 2647 1038 2681 aeclesiastica
1065 2646 1219 2681 constitu-

1068 248 1250 272 BULLARIUM
1270 247 1423 273 ROMANUM

2019 249 2069 277 An.
2084 249 2113 278 C.
2133 252 2145 279 1
2166 256 2196 278 ἐν,

1261 302 1311 329 tae
1332 296 1519 339 obsignatis,
1536 298 1647 330 eadem
1665 308 1796 341 prorsus
1815 299 1896 332 fides
1913 298 2004 332 adhi—

1261 349 1386 390 beatur,
1409 360 1492 394 quae
1512 351 1734 394 praesentibus
1753 352 1962 386 adhiberetur
1977 352 2003 385 si

1262 403 1367 436 forent
1385 403 1543 437 exhibitae
1562 404 1611 437 vel
1631 409 1787 438 ostensae.

1305 458 1419 490 Datum
1436 458 1558 491 Romae
1577 458 1663 501 apud
1682 458 1836 492 Sanctum
1849 459 2000 498 Marcum,

1260 511 1319 544 sub
1337 511 1457 544 annulo
1469 511 1650 552 piscatoris,
1661 511 1712 544 die
1726 511 1852 545 decima
1864 511 2004 545 octobris
2046 538 2048 541 .

1261 564 1432 597 millesimo
1450 565 1710 608 quingentesimo
1722 564 1932 607 nonagesimo
1949 575 2000 597 se-

1259 617 1374 660 ptimo,
1385 617 1592 661 pontificatus
1604 618 1705 651 nostri
1717 628 1801 651 anno
1813 623 1912 651 sexto.

1297 679 1354 706 Dat.
1373 679 1416 707 die
1433 680 1466 707 10
1480 680 1599 708 octobris
1619 681 1698 714 1597,
1715 684 1789 716 pont.
1808 688 1852 708 an.
1871 686 1906 707 vt.

1556 842 1706 876 CLXVIII.

1261 947 1472 989 Confirmatio
1492 948 1662 981 erectionis
1680 947 1783 981 trium
1806 948 2005 992 capellania-

1306 1021 1381 1043 rum
1397 1010 1437 1043 ab
1456 1010 1558 1044 Arma
1576 1010 1763 1054 Iayellom'a
1774 1015 1804 1044 et
1819 998 2004 1055 Siqismtin-

1303 1071 1342 1104 do
1363 1071 1422 1105 III
1435 1071 1677 1114 Polonwiaerelqe
1693 1072 1730 1104 in
1741 1071 1872 1105 ecclesia
1892 1072 2005 1106 Sancti

1302 1133 1433 1167 Nicolui
1449 1134 1592 1167 civitatis
1611 1134 1767 1167 Barensis
1785 1134 2003 1177 fundatamm

1299 1207 1360 1240 pro
1379 1197 1495 1229 anima
1514 1197 1624 1229 Bonae
1647 1197 1780 1239 reqinae
1798 1197 1957 1230 Poloniae
1973 1202 2002 1230 el

1303 1260 1387 1292 Bari
1403 1259 1550 1292 ducissae
1569 1260 1589 1292 ¹.

1463 1349 1598 1376 Clemens
1619 1348 1697 1383 Papa
1716 1349 1803 1384 vm,

1383 1402 1419 1429 ad
1437 1405 1612 1435 perpetuam
1629 1404 1676 1430 rei
1696 1402 1877 1430 memoriam.

1302 1473 1436 1506 Romani
1458 1473 1621 1506 Pontificis
1641 1479 1795 1507 consueta
1819 1474 2000 1518 benignitas
2028 1486 2055 1516 ,¹

1258 1526 1313 1564 iis,
1336 1537 1420 1570 quae
1450 1527 1490 1560 ad
1521 1526 1620 1560 divini
1652 1527 1756 1561 cultus
1788 1533 1997 1570 augmentum

1258 1591 1316 1624 per
1350 1590 1504 1624 personas
1535 1591 1778 1624 quascumque,
1810 1582 1998 1625 praesertim

1256 1633 1356 1676 regali
1387 1633 1543 1675 dignitate
1574 1634 1754 1676 fulgentes,
1788 1634 1935 1669 ordinata
1969 1641 2001 1669 et

1257 1687 1470 1721 transactione
1498 1691 1615 1720 statuta
1645 1687 1740 1720 fuisse
1765 1687 1937 1732 dicuntur,
1965 1694 1999 1722 ut

1257 1742 1350 1774 firma
1370 1746 1527 1785 perpetuo
1559 1746 1590 1774 et
1614 1740 1735 1774 illibata
1754 1741 1939 1785 persistant,
1962 1742 2000 1775 li-

1256 1795 1380 1834 benter,
1411 1804 1484 1827 cum
1509 1793 1757 1827 christianorum
1786 1805 1900 1837 regum
1925 1805 1999 1840 pre-

1257 1859 1308 1882 ces
1335 1846 1366 1881 id
1391 1853 1588 1891 exposcunt,
1619 1847 1815 1891 apostolicae
1839 1848 2000 1882 firmitatis

1255 1902 1356 1935 robur
1375 1901 1494 1942 adiicit,
1518 1907 1549 1934 ct
1579 1901 1658 1934 alias
1688 1901 1827 1945 desuper
1858 1902 1996 1947 disponi,

1256 1960 1350 1999 prout
1370 1955 1558 1987 eorumdem
1581 1965 1692 1997 regum
1714 1961 1785 1988 vota
1812 1955 1995 1999 requirunt,

1255 2014 1283 2041 et
1316 2008 1382 2052 ipse
1407 2007 1559 2051 prospicit
1591 2008 1621 2041 in
1655 2008 1792 2041 Domino
1825 2008 1999 2042 salubriter

1255 2061 1416 2105 expedire.

1265 2126 1271 2130 ·
1299 2116 1314 2157 ᾗ
1336 2115 1364 2148 l.
1388 2115 1471 2148 Sane
1491 2114 1698 2148 charissimus
1718 2115 1749 2148 in
1770 2115 1892 2149 Christo
1913 2116 1998 2150 tilius
2012 2121 2162 2174 Afflffioe

1256 2176 1364 2201 nostor
1394 2168 1619 2209 sigismundus
1644 2168 1755 2202 tertius
1783 2168 1935 2203 Poloniae
1966 2174 2153 2203 ermon-nm

1254 2221 1379 2256 Svctiac
1400 2232 1453 2254 rex
1480 2221 1611 2254 illustris
1632 2221 1724 2254 nobis
1755 2232 1858 2265 nuper
1881 2222 1998 2266 exponi
2012 2200 2150 2250 figit-¹33³:

1256 2275 1344 2312 tecit,
1368 2275 1455 2318 quod
1481 2284 1554 2307 cum
1584 2273 1661 2307 alias
1691 2275 1796 2307 clarae
1821 2275 1998 2308 memoriae

1254 2329 1340 2362 Bona
1358 2328 1396 2361 dc
1416 2327 1674 2370 vicecomitibus,
1697 2328 1773 2360 dum
1795 2327 1925 2368 viveret,
1946 2339 1997 2362 re-

1253 2380 1326 2421 gina
1348 2380 1500 2413 Potoniae
1520 2386 1552 2412 ct
1577 2379 1703 2413 ducissa
1731 2379 1819 2418 Bari,
1844 2379 1875 2413 in
1897 2390 1997 2423 regno

1253 2434 1481 2477 Neapolitano,
1506 2433 1587 2466 vitae
1608 2444 1683 2466 suae
1713 2433 1799 2466 diem
1831 2433 1997 2468 clausisset

1253 2493 1454 2524 extremuni,
1478 2485 1590 2519 similis
1615 2485 1791 2519 memoriae
1824 2487 1914 2520 Anna
1942 2485 1993 2520 Ia-

1253 2540 1402 2578 ucllonia,
1419 2539 1515 2572 ctiam
1537 2539 1613 2572 dum
1635 2539 1752 2572 vireret
1772 2538 1882 2581 regina
1900 2538 1994 2572 Polo-

1252 2593 1324 2626 niae
1337 2593 1405 2626 cius
1419 2593 1495 2632 titia,
1505 2592 1628 2626 curavit
1639 2603 1756 2636 corpus
1769 2592 1872 2626 dictae
1887 2592 1993 2625 Bonae

1289 2656 1296 2680 t
1319 2654 1355 2681 Ex
1372 2653 1480 2689 negent.
1497 2653 1523 2680 in
1537 2653 1639 2681 secret.
1658 2652 1792 2681 Brevium.
