2253 3195
305 244 353 269 An.
375 244 401 269 tj.
423 243 489 271 1600

321 359 428 380 Clausulas
445 359 489 389 irri-

306 389 374 407 lantes
385 389 480 412 apponit.

350 1048 495 1075 Exequutorcs

311 1076 429 1101 praesentis
445 1081 496 1096 con-

311 1104 425 1123 stitutionis
441 1102 495 1123 desi-

313 1131 369 1154 fluat.

535 234 598 268 588

549 293 564 336 ἓ
585 292 615 325 6.
640 292 755 335 Sicque
776 292 806 324 in
827 290 1011 335 praemissis
1037 289 1187 323 omnibus
1214 294 1245 322 et

505 345 650 388 singulis,
673 356 709 378 ac
723 345 806 377 circa
824 354 861 377 ea
880 355 938 387 per
958 353 1180 387 quoscumque
1198 342 1245 375 iu-

507 400 593 432 dices
613 397 807 437 ordinarios,
830 397 994 439 delegatos
1015 402 1068 430 aut
1089 395 1247 429 commis-

506 452 618 491 sarios,
635 450 745 494 quavis
759 450 950 483 auctoritate
958 451 1137 492 fungentes,
1150 449 1246 482 etiam

506 504 535 538 S.
559 504 595 537 R.
624 503 658 537 E.
684 503 874 543 cardinales,
898 503 994 536 etiam
1020 504 1059 536 de
1079 503 1179 535 latere
1195 502 1244 534 le-

506 563 612 600 gatos,
635 562 690 590 aut
715 557 869 597 nuncios,
893 563 924 590 et
943 566 1114 590 causarum
1138 554 1247 599 palatii

507 611 674 655 apostolici
687 610 862 649 auditores,
885 610 1012 644 sublata
1029 610 1074 644 eis
1087 616 1118 644 et
1135 620 1247 643 eorum

508 664 639 697 cuilibet
663 664 774 708 quavis
794 664 888 697 aliter
907 663 1072 697 iudicandi
1093 669 1124 697 et
1144 663 1245 696 inter-

506 718 656 762 pretandi
678 718 830 751 facultate
848 723 878 751 et
898 717 1104 757 auctoritate,
1127 717 1249 760 ubique

509 771 642 805 iudicari
663 777 717 804 aut
738 770 864 805 definiri
886 771 1022 810 debere;
1043 781 1102 803 nec
1122 781 1186 803 non
1206 770 1248 802 ir-

508 825 604 858 ritum
627 830 657 858 et
677 825 772 858 inane
794 825 1003 858 decernentes
1014 824 1040 857 si
1051 834 1142 857 secus
1153 834 1250 867 super

508 878 557 911 his
577 889 595 911 a
612 889 788 922 quoquam,
805 877 916 922 quavis
928 877 1128 917 auctoritate,
1148 877 1251 910 scien-

509 935 557 962 ter
576 930 626 962 vel
647 929 844 971 ignoranter,
869 928 1037 971 contigerit
1058 927 1218 961 attentari.

555 983 570 1025 ἓ
591 982 619 1015 7.
649 982 806 1021 Quocirca
829 981 1004 1014 venerabili
1029 981 1120 1014 fratri
1140 986 1251 1014 nostro

512 1035 665 1080 episcopo
686 1035 852 1076 Abulensi,
876 1041 907 1068 et
928 1034 1053 1068 dilectis
1072 1034 1147 1067 filiis
1167 1033 1252 1067 abati

512 1089 701 1132 collegiatae
722 1089 876 1122 ecclesiae
896 1089 942 1122 Ss.
965 1089 1042 1122 Iusti
1060 1094 1091 1122 et
1113 1087 1254 1121 Pastoris

512 1142 588 1176 dicti
609 1142 719 1186 oppidi
741 1142 780 1175 de
793 1142 903 1175 Alcala
924 1142 962 1174 de
979 1142 1132 1182 Henares‚
1153 1146 1183 1174 et
1202 1152 1254 1174 su-

512 1196 632 1241 periori
663 1206 719 1229 seu
747 1195 848 1239 priori
870 1194 1146 1228 commendatario
1165 1205 1251 1227 nun-

513 1255 629 1293 cupato
641 1248 670 1282 S.
683 1248 799 1282 Mariae
810 1248 848 1281 de
859 1248 1005 1281 Mercede
1012 1247 1255 1292 Redemptionis

512 1303 714 1348 Captivorum
745 1302 890 1336 eiusdem
921 1302 1049 1346 oppidi,
1085 1307 1116 1335 et
1142 1312 1254 1335 eorum

514 1356 646 1390 cuilibet
665 1355 897 1389 committimus
911 1361 941 1388 et
956 1355 1157 1395 mandamus,
1178 1365 1256 1398 qua-

514 1416 607 1444 tenus
627 1409 697 1453 ipsi,
723 1409 769 1443 vel
791 1409 871 1449 duo,
892 1414 947 1442 aut
966 1419 1049 1442 unus
1066 1419 1177 1442 eorum
1199 1419 1257 1453 per

515 1474 558 1503 se,
572 1463 619 1496 vel
631 1463 742 1503 alium,
759 1473 815 1496 seu
829 1462 909 1496 alios
922 1462 1050 1503 faciant,
1067 1462 1257 1495 auctoritate

515 1523 635 1557 nostra,
656 1522 840 1560 praesentes
860 1516 993 1557 litteras,
1013 1522 1044 1550 et
1062 1516 1095 1549 in
1109 1516 1153 1549 eis
1173 1526 1253 1550 con-

516 1575 601 1603 tenta
635 1580 871 1614 quaecumque,
895 1569 949 1602 ubi
974 1575 1006 1603 et
1026 1569 1156 1613 quando
1176 1580 1257 1613 opus

515 1623 620 1664 suerit,
644 1633 680 1656 ac
695 1623 821 1667 quoties
841 1633 900 1667 pro
913 1630 1004 1667 parte
1025 1623 1185 1656 dictorum
1205 1634 1256 1656 re-

515 1677 613 1710 ctoris
634 1682 663 1709 et
689 1676 906 1717 collegialium
942 1676 1060 1709 fuerint
1091 1676 1254 1720 requisiti,

515 1729 703 1763 solemniter
723 1729 942 1773 publicantes,
966 1729 1076 1773 eisque
1106 1729 1137 1762 in
1159 1739 1254 1773 prae-

518 1783 620 1817 missis
641 1782 778 1816 effieacis
799 1782 995 1816 defensionis
1019 1783 1182 1827 praesidio
1203 1794 1255 1816 as-

517 1837 675 1876 sistentes,
690 1837 807 1869 saeiant
821 1837 1011 1870 auctoritate
1021 1837 1257 1877 nostra,eadem

517 1890 692 1934 praemissa
711 1901 804 1922 suum
826 1891 956 1934 plenum
972 1890 1079 1924 sortiri
1093 1890 1256 1931 effectum

518 1944 644 1988 illisque
673 1950 815 1977 rectores
836 1950 865 1978 et
897 1950 1058 1987 regentes,
1078 1944 1260 1986 collegiales

519 2004 547 2031 et
560 1998 641 2031 alios
651 1998 777 2040 collegii
791 2003 818 2030 et
836 1997 1049 2031 universitatis
1061 1997 1257 2038 huiusmodi,

519 2057 549 2084 et
559 2062 671 2084 omnes
682 2051 773 2090 alios,
786 2056 813 2083 et
824 2050 979 2093 singulos,
992 2061 1073 2094 quos
1085 2051 1260 2094 praemissa

519 2104 765 2148 quomodolibet
788 2110 988 2137 concernunt
1016 2110 1046 2136 et
1066 2110 1258 2137 concernent

522 2157 551 2190 in
573 2158 726 2195 futurum,
750 2157 884 2201 pacifice
906 2157 965 2189 srui
985 2163 1012 2189 et
1031 2157 1181 2197 caudore,
1203 2168 1261 2191 nce

522 2211 709 2255 permittant
729 2221 794 2251 eos,
818 2217 870 2243 aut
899 2221 1010 2243 eorum
1032 2210 1183 2254 aliquem,
1205 2221 1262 2254 per

521 2265 813 2308 archiepiscopum,
835 2270 888 2296 aut
909 2264 987 2296 alios
1010 2264 1188 2308 episcopos,
1210 2275 1262 2297 eo-

523 2328 660 2361 rumque
679 2318 841 2355 officiatos,
866 2323 919 2349 aut
937 2317 1083 2354 vicarios,
1112 2323 1166 2350 aut
1184 2317 1263 2350 alios

523 2382 744 2416 quoscumnque
760 2378 871 2404 eontra
885 2371 1011 2404 illorum
1035 2372 1169 2404 sormam
1185 2382 1264 2415 quo-

524 2436 587 2469 quo
610 2426 706 2457 inodo
725 2425 901 2463 molestari,
931 2425 1096 2468 impediri,
1135 2430 1188 2457 aut
1210 2425 1260 2457 in-

524 2478 678 2521 quit-tari:
711 2478 964 2511 contradictores
985 2477 1143 2521 quoslibet
1166 2483 1197 2510 et
1215 2488 1264 2510 re-

525 2532 623 2563 belles
639 2543 695 2575 per
708 2532 868 2564 interdicti
883 2532 922 2563 ab
934 2531 1078 2572 ingressu
1097 2531 1262 2570 ecclcsiae,

526 2590 556 2615 et
574 2584 689 2616 deinde
711 2584 929 2628 suspensionis
949 2595 964 2615 a
984 2584 1108 2623 divinis,
1132 2595 1168 2616 ac
1189 2583 1266 2616 alias

1086 241 1269 266 BULLARIUM
1289 240 1441 265 ROMANUM

1278 288 1450 328 cuniarias,
1467 297 1579 321 eorum
1598 287 1733 320 arbitrio
1753 287 1966 331 imponendas
1986 291 2017 320 et

1279 341 1495 374 moderandas
1510 368 1517 380 ,
1541 345 1569 373 et
1592 339 1653 373 alia
1673 345 1856 384 opportuna
1885 340 1962 373 iuris
1987 345 2019 373 et

1280 393 1354 427 facti
1392 393 1551 434 remedia,
1590 393 1805 437 appellatione
1842 393 2019 437 postposita

1280 448 1529 492 compescendo,
1545 447 1695 491 ipsasque
1715 457 1866 480 censuras
1891 452 1921 480 et
1936 457 2015 490 poe-

1279 513 1347 542 nas,
1371 501 1498 546 quoties
1519 501 1563 534 eis
1587 500 1759 541 videbitur,
1781 500 1876 533 etiam
1898 499 2019 533 iteratis

1280 555 1402 588 vicibus
1411 555 1626 597 aggravando,
1637 554 1774 587 constito
1788 553 1833 587 eis
1846 553 2020 587 summarie

1282 610 1321 644 de
1340 620 1405 643 non
1423 614 1491 642 tuto
1512 619 1651 648 accessu,
1675 607 1842 641 citationes
1862 606 2022 651 quaslibet

1282 674 1339 707 per
1370 662 1509 696 edictum
1535 661 1701 705 publicum
1734 660 1961 700 decernendo,
1991 665 2020 694 et

1282 721 1440 759 quatenus
1460 720 1491 748 et
1520 714 1645 758 quoties
1666 713 1877 746 inhibendum
1911 712 2018 752 suerit,

1282 768 1378 801 etiam
1399 768 1459 801 sub
1481 767 1601 800 eisdem
1628 767 1770 800 censuris
1791 772 1823 799 et
1841 765 1954 810 poenis
1975 765 2022 798 in-

1283 821 1435 862 hibendo,
1453 821 1599 854 invocato
1624 820 1720 854 etiam
1741 821 1782 853 ad
1805 820 1878 860 hoc,
1895 819 1920 853 si
1942 829 2022 863 opus

1282 875 1393 915 fuerit,
1422 874 1540 908 auxilio
1561 874 1682 907 brachii
1703 873 1885 907 saecularis.

1329 930 1345 971 ξ
1366 928 1396 961 8.
1417 928 1487 961 Non
1518 927 1665 960 obstante
1684 927 1756 971 piae
1776 926 1953 960 memoriae
1972 926 2023 960 In-

1285 982 1424 1016 nocentii
1444 982 1494 1022 111,
1518 992 1601 1025 quae
1621 981 1750 1025 incipit:
1777 981 1857 1015 Cum
1878 980 2021 1024 Capella,

1286 1041 1317 1068 et
1336 1034 1501 1068 Innocenti
1518 1034 1556 1067 IV
1575 1034 1607 1066 in
1627 1033 1768 1068 Concilio
1785 1033 1927 1076 generali
1943 1033 2026 1075 Lug-

1287 1087 1422 1122 dunensi
1454 1087 1540 1120 circa
1570 1092 1755 1130 exemptos,
1783 1097 1866 1130 quae
1890 1085 2022 1130 incipit:

1292 1141 1446 1181 Volentes,
1468 1140 1574 1184 quoad
1596 1150 1708 1173 omnes
1728 1140 1776 1173 sui
1801 1145 1925 1183 partes,
1953 1148 2025 1172 curn

1289 1195 1356 1229 eius
1376 1194 1582 1228 innovatione
1608 1204 1711 1237 nuper
1729 1194 1810 1227 facta
1835 1193 1867 1226 in
1886 1192 2027 1227 Concilio

1288 1248 1486 1289 Tridentino,
1498 1258 1581 1291 quae
1601 1246 1713 1291 incipit
1728 1259 1734 1279 z
1755 1246 1796 1279 In
1813 1247 2024 1289 exemptione,

1289 1302 1370 1335 acin
1385 1301 1519 1335 caeteris
1533 1300 1747 1343 generalibus,
1764 1299 2025 1344 provincialibus,

1290 1357 1337 1390 vel
1357 1355 1564 1401 synodalibus
1583 1354 1727 1388 conciliis
1747 1353 2029 1404 editispgenerali-

1290 1410 1349 1443 bus
1369 1409 1417 1442 vel
1454 1407 1648 1452 specialibus
1684 1406 1966 1441 constitutionibus
2001 1411 2031 1440 et

1290 1461 1570 1500 ordinationibus3
1601 1471 1660 1494 nec
1690 1470 1755 1493 non
1777 1459 1928 1493 omnibus
1948 1459 2028 1498 illis,

1289 1526 1373 1560 quae
1393 1515 1488 1548 iidem
1511 1513 1775 1558 praedecessores
1795 1513 1827 1546 in
1848 1523 1959 1546 eorum
1977 1512 2029 1546 lit-

1291 1569 1375 1603 teris
1396 1567 1568 1613 praedictis
1597 1567 1769 1600 voluerunt
1796 1576 1861 1599 non
1887 1566 2026 1605 obstare,

1290 1622 1576 1666 ecclesiarumque,
1594 1621 1625 1654 in
1639 1621 1755 1665 quibus
1768 1620 1925 1654 beneficia
1938 1630 2030 1664 prae-

1290 1677 1374 1710 dicta
1393 1676 1498 1709 forsan
1520 1674 1647 1715 tuerint,
1663 1684 1719 1708 seu
1733 1674 1869 1707 aliorum
1883 1674 2030 1707 locorum

1290 1741 1346 1764 scu
1364 1729 1607 1763 universitatum
1630 1728 1830 1767 iuramento,
1860 1726 2032 1760 confirma-

1292 1783 1377 1817 tione
1397 1782 1584 1826 apostolica,
1608 1781 1655 1814 vel
1674 1780 1784 1825 quavis
1801 1780 1953 1813 firmitate
1970 1779 2032 1813 alia

1293 1836 1451 1870 roboratis
1489 1835 1613 1869 statutis
1649 1841 1679 1867 et
1717 1833 2028 1873 consuetudinibus,

1293 1889 1416 1924 etiamsi
1435 1889 1501 1933 ipse
1522 1894 1637 1925 rector,
1661 1887 1854 1930 collegiales,
1871 1892 2029 1928 regentes,

1293 1943 1440 1979 lectores,
1457 1941 1611 1984 magistri,
1629 1940 1794 1980 licentiati,
1817 1939 2030 1979 baccalaurei,

1293 1996 1465 2033 scholares,
1490 1993 1658 2038 capellani.
1675 1993 1854 2032 servitores,
1871 1992 2034 2033 officiatos,

1294 2056 1348 2083 aut
1368 2049 1448 2082 aliae
1473 2058 1641 2092 personae,
1664 2058 1719 2080 scu
1741 2057 1851 2080 earum
1867 2047 1947 2080 alter
1967 2047 2033 2080 col-

1295 2102 1380 2143 legii.
1404 2100 1642 2139 univcrsitatis,
1676 2106 1727 2133 aut
1754 2100 1894 2144 capellae
1915 2100 1953 2133 de
1974 2099 2036 2132 illis

1294 2156 1479 2192 servandis,
1521 2159 1552 2187 et
1583 2164 1646 2187 non
1679 2153 1888 2197 impetrandis
1923 2153 2035 2186 litteris

1295 2209 1478 2254 apostolicis
1499 2214 1609 2242 contra
1631 2218 1686 2245 ca,
1711 2213 1741 2241 et
1762 2209 1800 2240 dc
1821 2207 1910 2251 ipsis,
1939 2206 2034 2240 etiam

1296 2263 1334 2295 al)
1356 2262 1418 2295 alio
1437 2261 1483 2294 vel
1498 2261 1568 2293 aliis
1586 2260 1773 2304 impetratis,
1798 2259 1942 2292 autalias
1956 2269 2036 2302 quo-

1297 2316 1341 2349 vis
1373 2315 1468 2347 modo
1499 2313 1657 2347 concessis
1679 2323 1741 2345 non
1764 2312 1884 2345 utendo
1912 2322 1969 2355 per
1988 2321 2033 2352 se,

1297 2369 1343 2401 vel
1366 2373 1592 2412 procuratores
1613 2365 1828 2409 praestiterint
1856 2365 1960 2397 forsan
1981 2364 2037 2397 lia-

1298 2429 1419 2461 ctenus‚
1437 2421 1483 2453 vel
1500 2421 1708 2464 imposterum
1724 2429 1777 2450 eos
1786 2424 1947 2462 praestare
1961 2427 2037 2451 con-

1299 2476 1415 2518 tigerit,
1429 2475 1523 2507 ctiam
1539 2473 1657 2506 iteratis
1672 2472 1792 2505 virilius
1807 2471 2034 2508 iuramentum.

1299 2535 1463 2562 ac¹nostra
1485 2528 1523 2560 de
1544 2537 1606 2560 non
1627 2526 1769 2559 tollendo
1791 2525 1858 2558 iuro
1879 2523 2034 2568 quaesito,

1300 2581 1497 2625 caeterisque
1517 2579 1731 2613 Cancellariae
1761 2577 1961 2622 Apostolicae
1982 2586 2034 2608 re-

527 2647 675 2668 censuras
697 2643 724 2668 ot
747 2648 865 2681 poc—uas
891 2636 1122 2669 ecclesiasticas
1154 2642 1183 2668 et
1205 2647 1263 2680 pc-
1301 2635 1382 2677 gulis<
1413 2633 1506 2666 editis
1526 2639 1556 2666 et
1581 2642 1639 2676 pro
1661 2637 1804 2675 tempore
1825 2629 1976 2669 edendis,
2001 2638 2037 2660 ac

2033 237 2082 264 An.
2101 236 2129 264 C.
2148 236 2214 265 1600

2052 934 2165 965 Derogntio
2174 940 2222 956 con-

2039 964 2158 983 turiurum.
