2253 3195
269 250 318 278 An.
337 250 364 277 C.
385 250 452 277 1596

282 2048 366 2075 litisque
377 2049 452 2075 plenis-

268 2076 320 2096 sime
333 2076 453 2102 derogatur.

498 241 562 274 ⁹274

466 309 525 342 pro
547 299 673 331 illorum
689 297 890 330 revocatione
904 306 1112 340 quocumque
1128 302 1205 329 tom-

466 362 543 394 pore
570 352 698 388 instare,
724 351 819 383 ctiam
842 360 877 382 ea
899 350 1021 383 rationo
1042 350 1088 382 vel
1109 360 1202 393 prac-

467 410 562 448 testu,
586 404 672 447 quod
692 403 749 446 ipsi
773 403 927 436 incastris
948 408 979 435 et
999 403 1091 435 bonis
1112 413 1205 446 prac-

465 456 557 488 dirtis
583 457 642 488 sint
670 456 824 489 haeredes
853 467 924 488 runi
948 455 1106 488 beneficio
1128 455 1206 497 legis

465 515 492 540 ct
518 508 695 545 inventarii,
719 509 766 541 vel
782 519 845 541 non
867 509 1038 542 succedam
1062 509 1134 545 illis,
1151 508 1204 553 qui

466 562 571 595 debita
592 562 754 605 praedicta
776 568 1013 603 contraxerunt,
1038 563 1092 595 scd
1118 563 1204 605 quod

467 615 536 647 loca
561 620 587 647 et
611 615 694 648 bona
719 615 904 659 supradicta
924 626 959 648 ex
986 615 1125 659 antiquis
1153 615 1202 648 in-

467 667 643 705 vestituris,
671 669 944 709 concessionibus,
976 668 1206 702 fideicommis-

467 721 525 759 sis,
561 721 812 762 donationibus,
842 722 889 755 vel
921 733 957 755 ex
989 722 1206 755 contractibus

467 774 562 807 etiam
584 785 620 807 ex
639 785 734 808 causa
759 775 905 814 dotium,
934 776 980 809 vel
1003 786 1207 819 quacumque

467 826 528 859 alia
549 827 588 860 de
613 827 682 861 iure
703 828 901 871 privilegiata
926 828 1116 872 consequuti
1138 828 1206 861 sue-

467 880 540 920 rint,
566 881 611 913 vel
633 881 672 914 ad
692 891 727 913 ea
753 881 854 915 vocati
880 881 954 921 sint,
983 882 1172 914 mandatavc
1189 892 1207 914 a

469 933 627 967 iudicibus
661 934 778 968 suerint
808 935 1032 968 tantummodo
1064 935 1204 975 decreta,

467 997 522 1020 seu
543 987 682 1020 relaxata
700 994 812 1021 contra
832 988 916 1021 bona
937 988 1150 1021 haeridataria
1172 988 1207 1020 il-

467 1040 583 1081 lorum,
607 1041 661 1085 qui
687 1042 830 1075 debitum
859 1042 1043 1075 huiusmodi
1073 1047 1204 1075 contra-

467 1100 604 1135 xerunt,
628 1095 684 1128 sed
704 1095 778 1128 satis
804 1095 842 1128 sit
865 1101 895 1129 et
918 1095 1055 1129 sufficiat
1076 1095 1161 1138 quod
1182 1095 1207 1128 si

467 1146 522 1190 qui
552 1147 698 1180 debitum
730 1154 980 1188 contraxerunt,
1018 1148 1102 1181 dicta
1122 1148 1206 1181 bona

468 1200 582 1243 quovis
603 1201 694 1234 titulo
705 1207 735 1234 et
756 1201 853 1234 modo
874 1201 1035 1234 tenuerint
1049 1207 1079 1234 et
1091 1212 1204 1245 posse-

467 1252 583 1293 derint,
599 1263 655 1286 seu
668 1254 755 1297 quod
774 1254 833 1298 ipsi
847 1254 985 1288 barones
999 1260 1030 1288 et
1044 1254 1206 1288 domicelli

467 1305 563 1338 simili
596 1307 692 1339 modo
713 1307 767 1340 illa
787 1312 916 1341 teneant
943 1313 973 1341 et
997 1307 1203 1351 possideant,

468 1363 522 1391 aut
534 1369 571 1391 ex
585 1369 634 1400 eo,
655 1360 742 1403 quod
757 1360 943 1401 creditores,
961 1371 996 1393 ex
1008 1371 1103 1394 causa
1120 1361 1207 1394 Mon-

471 1411 551 1444 tium
583 1417 614 1444 et
641 1422 808 1453 censuum,
849 1413 1086 1447 restitutionem
1113 1414 1207 1447 sortis

468 1464 656 1508 principalis
668 1471 778 1509 petere
790 1476 856 1499 non
876 1466 1010 1510 possint,
1033 1477 1066 1501 se
1086 1478 1104 1500 a
1128 1467 1208 1501 fide-

468 1517 609 1550 iussione
629 1518 746 1559 eximi,
773 1519 890 1563 quibus
910 1525 941 1552 et
972 1519 1041 1553 aliis
1067 1521 1204 1564 quibus-

468 1581 606 1614 cumque
625 1572 874 1614 allegationibus
889 1600 896 1613 ,
923 1583 979 1605 seu
1000 1573 1207 1617 subterfugiis

467 1634 532 1657 non
554 1624 767 1665 obstantibus,
780 1625 820 1658 ad
834 1626 1096 1669 exequutionem,
1112 1627 1208 1660 nihil-

467 1678 596 1711 ominus
617 1678 890 1712 subhastationnis
903 1685 933 1712 et
953 1679 1204 1722 deliberationis,

468 1737 498 1764 et
516 1731 654 1764 aliorum
675 1732 926 1775 praemissorum
948 1734 1206 1777 supradictarum

468 1783 644 1824 civitatum,
671 1790 843 1825 terrarum,
869 1791 1047 1819 castrorum
1069 1793 1100 1820 et
1122 1788 1208 1822 loco-

467 1847 539 1869 rum
561 1837 704 1870 deveniri
725 1838 857 1871 omnino
870 1839 997 1880 debeat,
1019 1840 1137 1884 illaque
1156 1852 1208 1875 ro-

469 1889 531 1921 bur
544 1895 719 1933 perpetuae
740 1890 901 1925 firmitatis
923 1892 1098 1926 sortiantur
1111 1900 1141 1927 et
1152 1895 1208 1927 ob-

469 1941 601 1976 tineant.

513 1997 529 2037 ἓ
554 1994 607 2029 to.
642 1996 681 2029 Ut
709 2002 817 2030 autem
848 1998 1024 2041 praemissa
1049 2000 1157 2033 omnia
1178 2007 1209 2034 et

468 2049 594 2092 singula
615 2050 655 2083 ad
684 2050 825 2084 favorem
851 2052 985 2085 omnino
1010 2053 1207 2087 creditorum

468 2102 709 2145 praedictorum
730 2109 847 2137 statuta
867 2110 899 2137 et
915 2105 1079 2148 disposita,
1099 2107 1205 2139 statim

468 2152 536 2185 sine
555 2153 620 2186 ulla
633 2164 735 2194 mora,
752 2160 806 2187 aut
830 2154 938 2199 aliquo
960 2156 1203 2199 impedimento.

468 2206 685 2250 exequutioni,
701 2207 887 2241 demandari
905 2208 1039 2252 possint,
1056 2210 1207 2243 omnibus

468 2264 499 2291 et
518 2259 776 2303 quibuscumque
792 2260 997 2302 investituris,
1022 2263 1204 2297 concessio-

467 2312 572 2353 nibus,
596 2313 835 2355 donationibus,
857 2315 1125 2358 fideicommissis,
1142 2317 1207 2361 pri-

467 2366 677 2408 mogenituris
691 2372 722 2400 et
735 2367 897 2401 alienandi
917 2369 1203 2412 prohibitionibus,

466 2428 525 2451 nec
552 2429 617 2451 non
641 2420 743 2462 pactis
777 2421 816 2454 de
846 2422 1050 2455 succedendo
1081 2428 1144 2455 tam
1174 2423 1206 2456 in

467 2473 703 2513 contractibus,
738 2485 834 2518 quam
856 2475 888 2508 in
912 2475 1034 2509 ultimis
1058 2477 1205 2510 volunta-

469 2524 562 2566 tibus,
578 2526 756 2568 purificatis
773 2533 803 2560 et
816 2527 1036 2571 purificandis,
1053 2540 1150 2572 super
1163 2529 1206 2562 ci-

468 2577 627 2619 vitatibus,
651 2579 753 2620 terris,
777 2581 899 2621 castris,
924 2581 1094 2622 casalibus,
1117 2582 1206 2625 pala-

1049 248 1230 273 llULLARlUM
1250 247 1402 272 ROMANUM

1242 306 1298 339 per
1315 305 1536 339 quoscumque
1556 295 1775 336 ascendentes,
1804 305 1858 329 seu
1880 295 1977 329 colla-

1241 350 1366 389 terales,
1391 360 1426 382 ac
1447 349 1574 393 penitus
1594 354 1761 382 extrancos
1776 376 1783 389 ,
1813 360 1848 382 ac
1870 350 1976 383 forsan

1241 402 1326 445 ipsos
1347 402 1441 435 etiam
1463 403 1625 435 Romanos
1646 401 1816 435 Pontifices
1836 403 1974 446 praede-

1240 465 1382 488 cessores
1411 461 1558 494 nostros,
1589 455 1685 488 etiam
1715 460 1804 488 motu
1830 455 1974 498 proprio,

1240 514 1267 541 ct
1290 508 1554 542 consistorialiter
1581 507 1748 547 emanatis,
1777 513 1808 540 et
1827 508 1885 540 sub
1907 508 1978 551 qui-

1239 561 1345 594 busvis
1359 561 1521 601 clausulis,
1537 561 1671 594 vinculis
1691 566 1719 593 et
1738 561 1882 601 cautelis,
1899 571 1979 604 quo-

1241 614 1416 647 modolibet
1438 614 1527 647 factis
1553 621 1582 647 et
1604 614 1814 654 confirmatis,
1838 624 1978 658 quorum

1240 667 1385 700 onmium
1408 673 1435 700 et
1457 668 1658 710 singulorum
1681 673 1808 700 tenores
1829 677 1980 711 praesen-

1242 720 1325 753 tibus
1345 731 1404 764 pro
1436 720 1591 764 expressis
1614 721 1726 754 haberi
1752 720 1899 753 volumus
1913 748 1920 761 ,
1943 731 1980 754 ac

1241 774 1335 807 ctiam
1366 774 1496 816 regulae
1525 779 1652 807 nostrae
1677 774 1716 807 de
1747 783 1811 806 non
1837 773 1980 806 tollendo

1242 827 1310 861 iure
1335 827 1472 871 quesito,
1496 833 1597 867 motu,
1621 827 1753 860 scientia
1773 832 1804 860 et
1823 832 1979 871 potestate

1241 879 1410 920 similibus,
1434 880 1617 923 plenissime
1643 890 1680 912 ac
1700 879 1853 912 latissime
1879 879 1977 912 dero-

1241 943 1365 975 gamus,
1389 944 1425 966 ac
1443 933 1635 976 derogatum
1656 943 1723 966 esse
1743 933 1904 966 volumus.

1286 987 1301 1030 g
1321 986 1373 1019 Μ.
1397 986 1488 1026 Quod
1509 986 1533 1019 si
1553 987 1659 1019 forsan
1680 986 1779 1019 iidem
1802 985 1976 1030 principes,

1241 1040 1349 1080 duces,
1370 1039 1585 1079 marchiones,
1607 1039 1746 1072 barones
1759 1044 1790 1072 et
1803 1039 1977 1080 domicelli,

1241 1092 1349 1137 aliqua
1369 1093 1430 1126 alia
1451 1093 1536 1126 bona
1555 1093 1680 1126 stabilia
1701 1092 1780 1125 nulli
1809 1092 1977 1127 investitu-

1242 1156 1306 1186 rae,
1339 1146 1562 1186 concessioni,
1591 1145 1780 1186 donationi,
1809 1145 1979 1179 fideicom-

1242 1199 1349 1239 misso,
1366 1199 1654 1243 primogeniturae,
1670 1199 1718 1232 vel
1732 1199 1894 1232 alienandi
1908 1209 1982 1243 pro-

1241 1252 1401 1293 hibitioni,
1418 1258 1472 1286 aut
1491 1258 1585 1296 pacto
1606 1252 1645 1286 de
1665 1252 1881 1293 succedendo,
1896 1252 1982 1286 aliis-

1241 1316 1303 1349 que
1323 1306 1498 1350 praedictis
1517 1306 1672 1347 subiecta,
1692 1306 1741 1339 vel
1761 1305 1839 1339 alias
1859 1305 1979 1338 immu-

1240 1359 1293 1392 nia
1313 1365 1343 1392 et
1363 1364 1521 1403 exempta,
1547 1365 1578 1393 et
1608 1359 1710 1392 libera
1730 1370 1862 1403 quoquo
1883 1360 1981 1392 modo

1240 1412 1462 1456 possederint,
1491 1423 1550 1446 nos
1570 1413 1639 1456 pari
1666 1418 1755 1446 motu
1783 1418 1813 1446 et
1840 1413 1982 1446 auctori-

1241 1469 1316 1505 tate,
1341 1465 1453 1498 eadem
1479 1465 1564 1499 bona
1585 1465 1791 1498 investiturae
1807 1492 1814 1505 ,
1845 1475 1978 1510 conces-

1241 1518 1334 1557 sioni,
1358 1518 1536 1558 donationi,
1561 1518 1834 1559 fideicommisso,
1858 1518 1979 1561 primo-

1241 1571 1419 1614 geniturae,
1432 1571 1641 1615 prohibitioni
1659 1577 1690 1604 et
1702 1576 1796 1615 pacto
1810 1571 1982 1615 praedictis

1241 1625 1273 1658 in
1302 1626 1408 1658 locum
1437 1625 1599 1659 bonorum
1626 1625 1830 1658 venditorum
1855 1625 1982 1669 praedi-

1242 1684 1378 1719 ctorum,
1400 1678 1431 1711 in
1452 1678 1603 1712 omnibus
1625 1683 1656 1712 et
1676 1689 1733 1722 per
1752 1678 1861 1711 omnia
1880 1678 1981 1711 subii-

1241 1731 1362 1772 cimus,
1394 1731 1618 1765 substituimus
1642 1737 1673 1764 et
1696 1731 1922 1774 subrogamus,
1950 1737 1982 1764 et

1241 1795 1299 1828 per
1324 1785 1469 1818 eamdem
1502 1784 1786 1827 congregationem
1804 1811 1811 1825 ,
1845 1789 1981 1828 sequuta

1240 1837 1425 1871 venditione
1446 1837 1622 1881 praedicta,
1639 1837 1764 1878 subiici,
1788 1837 1937 1871 substitui
1951 1843 1982 1871 et

1241 1890 1409 1933 subrogari
1439 1891 1557 1924 debere
1587 1890 1792 1924 decernimus
1823 1895 1854 1923 et
1885 1900 1978 1923 man-

1241 1944 1366 1978 damus.

1285 1997 1372 2041 512.
1402 1998 1606 2031 Iteclarantes
1633 1998 1845 2032 nihilominus
1873 1997 1981 2031 civita-

1242 2057 1298 2092 tes,
1322 2057 1425 2084 castra
1442 2057 1472 2084 et
1484 2051 1580 2093 bona,
1603 2051 1648 2085 sic
1667 2057 1703 2084 ut
1722 2062 1829 2095 supra,
1852 2051 1981 2085 vendita

1241 2109 1273 2137 et
1289 2104 1458 2147 assignata,
1481 2115 1611 2149 semper
1630 2110 1661 2138 et
1680 2114 1886 2149 quocumque
1901 2109 1980 2138 tem-

1240 2167 1318 2200 pore
1335 2168 1433 2201 penes
1458 2158 1588 2191 illorum
1618 2163 1782 2202 emptores
1811 2163 1843 2191 et
1872 2157 1981 2191 Came-

1241 2220 1309 2242 ram
1323 2210 1512 2253 praefatam,
1529 2221 1565 2244 ac
1578 2221 1778 2244 successores
1791 2210 1979 2244 eorumdem

1240 2263 1280 2295 ab
1300 2263 1451 2297 omnibus
1481 2263 1738 2297 fideicommissis
1753 2290 1760 2304 ,
1784 2263 1981 2307 primogeni-

1240 2317 1330 2358 turis,
1357 2316 1641 2360 prohibitionibus,
1665 2316 1776 2360 pactis,
1798 2315 1980 2350 donationi-

1240 2371 1310 2411 bus,
1332 2380 1459 2403 necnon
1476 2370 1620 2411 nexibus,
1644 2369 1808 2411 oneribus,
1830 2370 1977 2411 vinculis,

1240 2423 1439 2468 hypothecis,
1462 2423 1712 2466 obligationibus
1736 2434 1773 2457 ac
1793 2423 1864 2457 aliis
1887 2434 1980 2468 prae-

1240 2477 1333 2510 dictis
1346 2504 1354 2518 ,
1377 2477 1480 2510 libera
1500 2481 1530 2510 et
1555 2487 1683 2520 semper
1703 2481 1851 2520 exempta
1870 2486 1977 2510 rema-

1239 2540 1316 2563 nere
1337 2530 1466 2571 debere,
1497 2529 1540 2563 ita
1559 2535 1595 2563 ut
1613 2530 1704 2563 nullo
1723 2540 1879 2574 umquam
1899 2535 1979 2562 tem-

1239 2593 1333 2626 pore,
1356 2587 1522 2627 praetextu
1541 2583 1783 2627 praedictorum
1809 2582 1976 2616 fideicom-

470 2629 519 2663 tiis
539 2636 567 2663 et
586 2631 655 2664 aliis
669 2632 761 2666 bonis
774 2633 994 2668 immobilibus
1006 2635 1201 2676 huiusmodi,
1240 2635 1422 2677 missorum,
1437 2634 1977 2679 primogeniturarum,prohibitio-

2021 985 2110 1013 Allaqua
2123 975 2194 1005 bonn'

1995 1016 2062 1038 libera
2077 1016 2182 1037 baronum>
2205 1020 2206 1034 i
2249 1024 2251 1026 ·

1996 1043 2058 1064 dictis
2072 1042 2191 1068 fidenam„

1995 1070 2063 1091 missis
2070 1068 2188 1095 suppositas

1996 1097 2129 1117 censeantur.

2022 2000 2120 2022 ctausnta
2129 1999 2176 2023 sub-

1995 2027 2046 2048 laia.
