2253 3195
239 250 288 276 An.
310 250 340 277 c.
357 250 425 278 1598
471 240 536 274 418

267 731 289 751 ΕΙ
303 731 374 751 [fluit-i
385 730 423 749 du-

254 764 316 777 itsain
341 757 422 779 deteget:

239 785 266 804 :rt
312 783 396 808 petend:
405 789 424 803 m

239 811 319 831 abs-viu·
325 810 400 830 ionem.

281 1473 369 1493 intrim
388 1472 423 1493 L'r·

240 1499 283 1520 tum
299 1502 389 1519 ria-titud
405 1502 423 1518 nt

239 1533 286 1546 cuin
295 1526 352 1546 rard.
365 1526 424 1546 Aido-

240 1554 343 1573 brand-nu
355 1554 424 1577 lrflalu

239 1581 357 1604 apo-tntum

240 1609 326 1631 quc—nte*
336 1612 424 1630 partuci-

239 1636 273 1652 tur
284 1639 294 1651 c
311 1632 423 1652 ndlueues.

242 2038 280 2051 mut

273 2005 336 2025 tenor
351 2008 426 2025 tii-tru-

283 2035 311 2051 ιιι4

439 310 573 343 rumque
600 301 745 333 locorum
765 305 841 333 tunc
862 309 1100 343 expressorum,
1120 309 1182 332 un-

438 353 562 386 decimo
585 354 646 385 kal.
670 352 817 391 ianuarii,
848 352 1054 396 pontificatus
1085 352 1184 385 nostri

438 416 522 438 anno
551 411 656 444 sexto,
677 405 927 449 publicavimus,
957 405 1040 438 idem
1073 405 1187 439 Caesar

440 465 600 501 tamquam
615 458 818 492 obedientiae
828 458 913 492 filius
926 458 957 491 in
972 458 1113 492 eiusdem
1129 459 1186 491 Ec-

437 512 552 544 clesiae
572 517 603 544 et
619 511 710 544 Sedis
735 511 936 555 Apostolicae
954 511 1017 544 fide
1037 518 1064 545 et
1085 512 1186 545 devo—

438 561 524 595 tione
541 572 743 605 perseverare
769 562 920 605 cupiens,
942 562 1186 606 sanioribusque

438 614 589 653 consiliis,
609 614 689 648 sicut
711 615 744 648 in
757 615 893 648 Domino
914 615 1115 659 optabamus,
1132 627 1185 649 su-

439 667 566 711 sceptis,
586 668 673 711 quod
694 668 750 702 Dei
782 676 810 702 et
833 669 995 703 Romanae
1028 669 1186 702 Ecclesiae.

439 727 498 760 est,
517 721 582 755 Deo
602 727 630 754 et
652 721 757 755 eidem
777 722 937 756 Ecclesiae
962 722 1097 756 reddere
1126 723 1187 756 de—

441 775 583 815 creverit,
607 785 642 807 ac
663 781 832 819 propterea
853 776 1000 808 dilectam
1020 776 1053 808 in
1065 776 1187 809 Christo

440 826 538 859 filiam
552 826 692 860 nobilem
707 827 875 862 mulierem
889 829 1067 862 Lucretiam
1079 829 1188 862 Esten-

438 889 517 920 sem,
535 879 647 912 Urbini
662 880 832 921 ducissam,
853 880 892 913 ad
910 880 1109 924 praedictum
1131 882 1188 915 Pe-

439 938 524 966 trum
545 933 741 967 cardinalem
760 944 832 967 cum
851 934 1021 967 sufficienti
1037 935 1187 968 mandato

439 986 572 1027 miserit,
596 993 630 1019 ut
652 987 798 1020 videlicet
818 987 951 1020 liberam
970 994 998 1021 et
1022 988 1186 1031 pacificam

438 1038 541 1072 dictae
553 1039 686 1072 civitatis
703 1047 733 1073 ct
748 1040 882 1073 ducatus
892 1041 1102 1074 Ferrariensis
1115 1053 1187 1075 cum

437 1091 506 1125 eius
537 1093 741 1135 pertinentiis
773 1104 831 1137 pro
860 1094 1005 1127 Romana
1033 1094 1185 1136 Ecclesia,

437 1145 518 1179 'Sede
535 1153 566 1180 et
580 1146 711 1181 Camera
728 1147 925 1191 praedictisa
946 1147 1040 1181 nohis
1057 1149 1187 1192 petitam

439 1199 675 1233 restitutionem
697 1200 864 1241 stabiliret,
887 1207 917 1234 et
934 1206 970 1234 ut
988 1201 1088 1245 ipsius
1107 1201 1185 1235 Cae-

438 1253 517 1285 saris
537 1253 739 1297 aliorumque
761 1254 791 1286 in
811 1254 981 1298 praedictis
1000 1254 1112 1287 litteris
1132 1265 1188 1288 no-

440 1305 513 1339 stris
545 1307 873 1350 compraeliensorum
906 1307 1139 1341 absolutionem
1172 1320 1188 1341 a

441 1358 533 1392 nobis
554 1367 582 1392 et
607 1359 718 1392 eadem
740 1360 820 1394 Sede
839 1360 976 1404 benigne
999 1367 1186 1404 reportaret.

486 1412 500 1452 ,ἓ
521 1412 550 1444 ⁹2.
573 1412 715 1456 Cumque
735 1413 818 1446 dicta
833 1413 978 1447 Lucretia
995 1414 1189 1454 ducissa,vi-

440 1475 517 1507 gore
535 1465 610 1498 dicti
633 1465 789 1508 mandati,
805 1472 874 1510 post
895 1473 1052 1500 maturam
1071 1466 1189 1501 delibe-

441 1517 597 1551 rationem
632 1529 704 1552 cum
734 1520 899 1562 praedicto
920 1519 1013 1553 Petro
1036 1519 1188 1552 cardinali

442 1570 596 1610 habitam,
613 1572 742 1604 tandem
760 1572 971 1606 benedicente
987 1573 1123 1606 Domino
1143 1584 1190 1606 re-

441 1623 641 1657 stitutionem
662 1626 859 1668 praedictam
881 1637 954 1659 cum
975 1626 1087 1660 eodem
1099 1627 1190 1660 Petro

441 1677 605 1719 cardinali,
623 1679 794 1712 sufficienti
809 1680 928 1723 pariter
945 1679 982 1712 ad
1005 1680 1063 1713 lioc
1085 1681 1186 1713 sacul-

441 1736 504 1763 tate
532 1731 576 1764 illi
607 1742 662 1774 per
690 1742 748 1765 nos
775 1733 926 1766 attributa
947 1733 1094 1772 sutl'ulto,
1117 1744 1189 1766 cum

441 1784 605 1816 nonnullis
625 1785 904 1826 coiu'entioniluus,
928 1785 1027 1829 pactis
1048 1792 1078 1819 et
1100 1787 1187 1830 capi-

442 1837 515 1870 tulis
535 1838 728 1871 concluserit
759 1837 819 1871 sub
850 1839 1050 1882 intrascaipta
1077 1840 1189 1879 forma,

442 1890 588 1923 videlicet
606 1903 612 1923 z

487 1944 521 1977 ln
556 1946 685 1978 nomine
713 1945 850 1979 Domini.
887 1946 998 1980 Amen.
1030 1946 1189 1979 Praesenti

443 1998 571 2041 publico
604 1999 820 2032 instrumento
841 2000 964 2032 cunctis
986 2004 1089 2043 pateat
1121 1999 1187 2032 evi-

443 2052 556 2085 denter
575 2057 607 2085 et
624 2052 663 2085 sit
684 2058 809 2091 notum,
832 2052 918 2096 quod
940 2063 1024 2085 anno
1042 2065 1058 2084 a
1079 2052 1189 2085 nativi—

443 2112 505 2139 tate
526 2106 669 2139 eiusdem
690 2106 814 2139 Domini
840 2106 1010 2139 millesimo
1029 2107 1187 2149 quingen-

443 2159 554 2192 tesimo
576 2159 784 2201 nonagesimo
798 2167 923 2198 octavo,
941 2159 1113 2192 indictione
1134 2171 1191 2192 un-

441 2212 576 2250 decima,
599 2213 649 2245 die
672 2223 744 2244 vero
777 2213 969 2245 duodecima
998 2214 1115 2246 utensis
1141 2214 1187 2245 ia-

443 2266 565 2304 nuarii,
598 2266 802 2309 pontificatus
834 2266 1030 2299 Sanctissiuii
1066 2267 1189 2300 ltomini

441 2320 538 2351 nostri
562 2319 687 2352 Domini
706 2320 876 2352 (ltu-inentis
894 2319 1000 2352 divina
1022 2320 1191 2363 pot-iden-

441 2374 481 2404 tia
502 2373 557 2405 ΙΨ.
571 2372 652 2411 Vlll,
667 2384 753 2406 anno
768 2378 866 2410 sexto.
888 2373 1028 2405 volentes
1044 2373 1189 2406 ittusuts-

442 2425 540 2456 simus
561 2431 591 2457 ‹·t
613 2426 897 2459 reverendissimus
919 2426 952 2459 l).
969 2426 1078 2459 l'ctrus
1093 2426 1123 2458 S.
1142 2427 1191 2459 Ni-

443 2479 520 2510 colai
545 2478 573 2510 in
595 2479 740 2517 liare-erc,
764 2479 964 2511 miset-:itione
986 2479 1105 2519 divina,
1126 2479 1190 2512 dia-

442 2542 540 2564 ronus
561 2534 591 2564 S.
615 2533 647 2564 tt.
671 2534 704 2565 ti.
729 2533 897 2566 cardinalis
919 2533 1188 2571 Aldulunndimis,

1027 250 1212 275 BULLARIUM
1232 250 1387 275 ROMANUM

1219 299 1319 332 nostri
1340 305 1371 332 et
1396 298 1530 332 Sanctae
1549 298 1657 338 Sedis,
1676 304 1706 332 et
1726 298 1868 333 eiusdem
1885 299 1960 332 Rev.

1220 351 1371 385 Gamerae
1392 352 1591 395 Apostolicae
1611 352 1758 392 nomine,
1781 352 1841 385 hoc
1859 363 1960 396 nego-

1221 404 1299 437 tium
1321 415 1419 448 agens
1448 405 1487 438 de
1506 404 1650 438 eiusdem
1680 404 1876 438 Sanctissimi
1896 405 1961 438 Do-

1221 457 1298 490 mini
1327 459 1427 491 nostri
1448 458 1507 491 PP.
1539 457 1703 499 mandato,
1726 463 1756 491 et
1775 457 1859 490 illius
1877 458 1964 492 vivae

1221 512 1306 544 vocis
1321 512 1452 545 oraculo
1469 511 1540 551 sibi,
1560 517 1592 545 ut
1611 512 1756 552 asseruit,
1773 512 1855 544 facto
1875 518 1906 545 et
1923 511 1967 544 vi-

1221 575 1296 608 gore
1327 564 1472 598 brevium
1493 564 1647 609 praedicti
1674 564 1870 598 Sanctissimi
1897 565 1963 598 Do-

1221 618 1299 651 mini
1313 619 1424 657 nostri,
1443 619 1482 652 de
1495 618 1612 663 quibus
1627 624 1751 652 constat
1767 618 1798 651 in
1812 618 1890 651 actis
1903 619 1965 651 mei

1221 671 1370 704 Ludovici
1384 672 1509 706 Martini
1528 672 1679 706 Gamerae
1695 672 1897 716 Apostolicae
1910 682 1966 705 no-

1221 724 1291 758 tarii
1306 725 1511 768 infrascripti,
1522 736 1661 769 quorum
1676 725 1806 769 quidem
1820 725 1964 759 brevium

1221 777 1311 821 copia
1328 777 1531 811 collationata
1548 778 1580 811 in
1598 778 1768 812 secretaria
1785 778 1966 822 provinciae

1222 830 1452 864 Romandiolae
1469 830 1598 864 dabitur
1611 837 1642 864 et
1655 831 1844 871 dimittetur,
1861 836 1889 864 et
1908 841 1966 875 pro

1222 885 1289 927 ipsa
1309 884 1422 918 Sancta
1437 884 1517 917 Sede
1531 890 1561 918 et
1578 884 1708 919 Camera
1726 883 1914 928 promittens
1927 884 1967 917 de

1222 942 1302 977 rato,
1318 943 1353 971 ut
1373 938 1466 978 infra,
1487 948 1523 971 ex
1543 948 1619 979 una,
1639 944 1669 971 et
1690 936 1893 971 serenissima
1905 938 1968 971 Ma-

1222 989 1316 1023 dama
1337 991 1483 1024 Lucretia
1503 991 1662 1031 Estensis,
1685 990 1812 1024 ducissa
1832 990 1964 1031 Urbini,

1222 1045 1421 1088 procuratrix
1441 1045 1475 1078 D.
1493 1045 1562 1078 Don
1581 1045 1723 1078 Caesaris
1739 1044 1890 1085 Estensis‚
1906 1044 1965 1077 lia-

1222 1095 1301 1130 bens
1323 1097 1496 1131 abeodem
1529 1097 1715 1130 mandatum
1744 1097 1908 1131 sufficiens
1938 1102 1970 1130 et

1223 1150 1339 1190 habile,
1352 1156 1499 1194 rogatum
1511 1162 1568 1195 per
1576 1151 1745 1184 Dominum
1761 1150 1967 1184 Franciscum

1223 1203 1428 1243 Rondonum‚
1449 1205 1586 1238 alterum
1607 1215 1644 1238 ex
1663 1203 1754 1238 nobis
1770 1203 1901 1237 notariis
1922 1204 1969 1236 in-

1224 1256 1408 1300 frascriptis,
1433 1256 1579 1290 similiter
1607 1257 1638 1290 in
1658 1256 1817 1301 praesenti
1845 1257 1966 1290 instru-

1225 1313 1331 1340 mento
1352 1307 1569 1351 registratum,
1587 1318 1646 1352 pro
1667 1309 1764 1341 altera
1785 1313 1886 1350 parte,
1908 1307 1967 1341 de-

1223 1361 1330 1394 venire
1350 1360 1388 1393 ad
1407 1360 1686 1404 compositionem,
1711 1360 1969 1400 transactionem,

1223 1413 1429 1447 concordiam
1448 1418 1478 1446 et
1499 1420 1589 1457 pacta
1606 1413 1688 1447 inter
1707 1413 1906 1458 praedictum
1926 1413 1966 1447 it-

1225 1466 1448 1500 lustrissimum
1470 1472 1500 1500 et
1530 1466 1833 1500 reverendissimum
1854 1466 1967 1499 Domi-

1224 1530 1300 1552 num
1317 1519 1515 1553 Cardinalem
1534 1520 1664 1553 nomine
1679 1519 1854 1563 praedicto.
1868 1525 1903 1553 ut
1917 1529 1969 1553 su-

1224 1583 1293 1617 pra,
1315 1578 1346 1606 et
1366 1572 1561 1617 praedictam
1591 1573 1826 1606 serenissimam
1855 1573 1966 1607 Domi-

1225 1637 1295 1659 nam
1314 1626 1399 1660 dicto
1421 1627 1551 1661 nomine
1572 1632 1716 1667 tractata,
1739 1632 1770 1660 et
1790 1627 1844 1660 Dei
1858 1626 1970 1671 optimi

1226 1680 1354 1713 maximi
1367 1680 1468 1723 gratia
1482 1680 1617 1713 feliciter
1634 1680 1795 1721 conclusa,
1813 1690 1909 1724 super
1922 1690 1971 1713 re-

1225 1733 1388 1767 stitutione
1416 1734 1513 1777 petita
1539 1734 1669 1768 nomine
1697 1733 1800 1767 dictae
1829 1733 1860 1767 S.
1881 1733 1971 1767 Sedis

1225 1787 1360 1820 ducatus
1381 1787 1561 1827 Ferrariam,
1588 1793 1619 1821 et
1650 1787 1784 1821 aliorum
1811 1786 1969 1826 locorum,

1225 1840 1263 1873 de
1283 1839 1400 1883 qttihus
1422 1840 1452 1872 in
1473 1839 1685 1883 infrascriptis
1705 1839 1806 1883 pactis
1827 1840 1862 1872 sit
1882 1849 1971 1872 men-

1226 1892 1287 1932 tio·,
1317 1892 1437 1925 idcirco
1457 1892 1488 1925 in
1513 1898 1696 1926 nostrorum
1719 1892 1917 1926 notariorum
1939 1892 1970 1925 in

1225 1946 1361 1979 solidum
1384 1952 1579 1989 rogatorum.
1600 1952 1628 1980 et
1657 1946 1783 1979 testium
1806 1945 1968 1979 infrascri-

1227 2005 1351 2044 ptorum
1374 1999 1566 2043 praesentia,
1597 2006 1779 2042 praesentes
1799 2005 1829 2032 et
1856 2008 1968 2043 perso-

1225 2053 1338 2086 naliter
1350 2053 1512 2087 constituti
1532 2052 1713 2096 praedictus
1741 2051 1974 2086 illustrissimus

1207 2113 1253 2141 tet
1283 2106 1568 2140 reverendissimus
1588 2107 1623 2140 D.
1653 2106 1823 2140 cardinalis
1843 2106 1973 2140 nomine

1227 2160 1389 2204 praedicto
1412 2160 1583 2204 obligando
1605 2159 1815 2203 praelibatum
1835 2159 1974 2193 Sanctis-

1225 2218 1340 2246 siuium
1363 2213 1396 2245 I).
1411 2219 1556 2246 nostrum
1579 2213 1637 2245 Pr.
1659 2213 1791 2256 eiusque
1811 2222 1973 2245 successo-

1227 2278 1287 2305 res,
1309 2273 1339 2300 et
1356 2267 1451 2300 ctiam
1472 2266 1623 2299 Sanctam
1640 2266 1754 2299 Sedent
1773 2271 1803 2299 et
1823 2265 1895 2298 Rev.
1918 2264 1974 2298 Ca—

1227 2331 1346 2353 meram
1357 2319 1585 2363 Apostolicam‚
1607 2318 1778 2361 omniaque
1798 2323 1829 2351 et
1848 2317 1972 2362 singula

1226 2372 1413 2406 corumdem
1433 2372 1514 2405 bona
1536 2371 1644 2404 omnia
1666 2370 1794 2404 mobilia
1809 2376 1839 2404 et
1860 2371 1975 2404 immo-

1227 2426 1313 2465 bilia,
1326 2425 1503 2470 praesentia
1523 2432 1550 2458 et
1571 2427 1687 2464 sutura,
1702 2424 1898 2468 ubicumque
1911 2424 1973 2458 exi-

1225 2479 1351 2516 stentia,
1375 2485 1402 2511 ct
1427 2477 1588 2522 praedicta
1613 2477 1814 2511 serenissima
1840 2476 1972 2510 Domina

1226 2533 1310 2565 dis-to
1331 2532 1459 2565 nomine
1477 2542 1586 2575 agens,
1604 2530 1826 2574 procuratorio
1843 2529 1972 2563 nomine

444 2585 539 2617 tutius
564 2587 670 2617 Status
690 2593 717 2618 ct
740 2587 895 2620 exercitus
914 2587 1118 2620 ecclesiastici
1137 2599 1190 2630 ge·
1206 2598 1210 2623 ι
1226 2586 1406 2626 antedicto,
1420 2584 1592 2628 obligando
1607 2584 1710 2628 ipsum
1726 2583 1893 2617 Dominum
1904 2582 1971 2616 Don

444 2638 558 2670 aeratis
571 2639 836 2681 superintendens
853 2639 1051 2674 Sanc-tissimi
1065 2640 1189 2672 Domini
1226 2640 1402 2678 (lm-sanun,
1425 2645 1455 2672 et
1475 2638 1542 2672 eius
1560 2637 1642 2671 bona
1664 2636 1770 2671 omnia
1792 2635 1972 2680 praesentia

1978 249 2026 276 An.
2042 248 2077 283 ,c.
2094 247 2162 276 ¹598
2200 258 2203 262 ·
2251 281 2253 288 .
