2253 3195
48 293 96 319 An.
119 291 147 318 C.
167 291 233 318 too-2

81 1045 126 1066 I'rix
133 1044 195 1069 ilegia
204 1044 241 1065 ab·

55 1072 111 1093 batis
117 1071 144 1091 ad
153 1071 241 1091 aliorum

57 1098 157 1119 abbatum
194 1103 241 1117 nor-

56 1131 112 1146 mam
146 1124 242 1145 eiusdem

57 1151 234 1178 congregationis.

90 1790 208 1811 Clausulas.

86 2269 157 2289 Abbas
165 2274 177 2289 a
185 2269 255 2295 prim-0¹

71 2296 164 2320 generati
178 2297 256 2317 011151-

71 2322 256 2349 tatoribusctigon·

864 292 1010 315 CLEMENS
1031 292 1088 315 Vttt
1107 291 1156 314 Pt‘.

248 340 347 373 instar
373 340 508 373 aliarum
539 340 762 379 abbatiarum,
791 340 985 381 dignitatum

248 399 280 427 ct>
299 394 500 437 prioratuum
531 394 673 427 ciusdem
695 393 958 435 Congregationis
977 420 984 431 ,

248 452 278 480 et
296 447 381 480 iuxta
401 447 561 489 regularia
574 447 658 479 illius
676 446 820 479 instituta
834 445 985 484 conferri,

248 511 303 533 scu
325 501 393 544 ipse
414 500 592 535 eanonicus
606 501 644 533 ad
658 500 804 532 eamdem
827 499 988 532 abbatiam

249 554 322 596 eligi
343 561 374 587 et
403 555 522 587 assumi
553 554 680 592 debeat,
705 553 896 586 auctoritate
914 563 990 595 apo-

249 607 371 647 stolica,
402 613 512 640 tenore
534 607 763 652 praesentium,
787 607 855 639 sine
885 612 990 638 tamen

248 661 448 704 praeiudicio
475 661 691 694 concessionis
712 671 787 693 usus
813 660 888 692 dieti
917 670 988 691 uto-

249 714 380 748 nasterii
399 715 502 747 eidem
522 716 702 748 Alexandro
717 714 868 758 episeopo
883 713 990 746 cardin

250 767 315 801 nali
336 768 375 800 ad
394 768 462 800 eius
475 767 569 800 vitam
592 769 703 805 saetae,
727 777 853 800 necnon
875 766 992 798 iurium

252 821 328 855 dicti
350 821 536 856 monasterii
558 822 663 854 Sancti
678 821 763 854 Petri
785 822 823 853 ad
846 820 991 857 Vincula,

205 902 209 906 .
253 886 349 919 quam
372 881 400 908 et
423 886 505 918 quae
532 876 617 908 salva
638 886 705 908 esse
727 875 889 911 volumus,
923 884 995 916 per-

253 935 351 973 petuo
368 929 522 971 erigimus
543 935 571 962 ct
591 929 798 961 instituimus.

300 983 314 1026 ξ
335 982 365 1015 2.
395 984 437 1015 Ac
458 993 516 1026 pro
540 989 684 1026 tempore
716 982 861 1015 existenti
890 981 996 1014 abbati

256 1037 400 1069 eiusdem
423 1036 611 1069 monasterii
630 1036 765 1069 Sanctae
784 1036 926 1077 Agnetis,
944 1035 996 1078 qui

257 1090 343 1134 apud
376 1089 495 1122 dietum
522 1089 754 1122 monasterium
781 1088 922 1121 residere
947 1094 995 1120 te-

257 1149 391 1183 neatur,
415 1149 450 1175 ut
470 1142 622 1175 omnibus
643 1148 671 1175 et
697 1142 831 1182 singulis
863 1141 996 1185 privile-

257 1196 327 1239 giis,
351 1196 541 1235 bonoribus,
569 1195 810 1239 praerogativis,
835 1194 996 1238 praeemi-

258 1250 390 1289 neumis,
415 1249 588 1287 favoribus,
612 1249 723 1289 gratiis
745 1254 772 1281 et
797 1248 940 1287 indultis,
965 1258 1001 1280 ae

259 1304 355 1336 etiam
380 1313 458 1336 voce
480 1302 584 1336 activa
602 1307 634 1335 et
654 1302 778 1346 passiva
800 1301 831 1333 in
852 1300 1001 1343 capitulis

259 1357 464 1399 generalibus
484 1384 491 1395 ,
530 1355 836 1399 congregationibus
868 1360 899 1387 et
931 1353 1002 1386 aliis

260 1411 383 1444 actibus
396 1410 534 1454 publicis
554 1415 585 1442 et
609 1409 741 1453 privatis
761 1419 825 1441 non
844 1409 948 1441 solum
962 1408 1001 1440 ad

260 1465 359 1498 instar
379 1464 515 1497 aliorum
538 1463 692 1496 abbatum
708 1490 715 1501 ‚
743 1461 1001 1506 praepositorum

260 1523 291 1551 et
309 1518 455 1562 priorum
475 1517 619 1550 eiusdem
636 1515 918 1558 Congregationis,
948 1515 1003 1547 sed

259 1571 478 1616 parisormiter
494 1576 526 1604 et
545 1582 647 1614 aeque
672 1570 912 1614 principaliter,
936 1570 1003 1602 sine

261 1625 368 1669 aliqua
388 1635 520 1668 prorsus
534 1624 724 1663 differentia,
741 1625 787 1657 uti
808 1635 844 1657 ae
859 1624 916 1656 srui
932 1634 1004 1667 pos-

222 1702 226 1706 -
261 1679 302 1712 sit
322 1683 353 1712 et
371 1678 485 1720 valeat,
507 1678 715 1711 concedimus
737 1684 766 1711 et
786 1678 1000 1719 indulgemus.

308 1734 324 1775 ξ
345 1732 375 1765 3.
399 1732 515 1775 Sicque
527 1737 635 1764 etnon
655 1731 747 1764 aliter
759 1742 817 1775 per
833 1741 1006 1774 quoscum-

264 1796 327 1830 que
353 1785 455 1819 dietae
480 1784 744 1828 Congregationis
768 1785 951 1829 superiores
976 1789 1006 1817 et

264 1839 345 1872 alios
356 1839 478 1871 iudices
488 1838 708 1871 ordinarioset
722 1839 896 1879 delegatos,
911 1838 1004 1870 etiam

265 1903 434 1926 causarum
450 1892 563 1925 Palatii
577 1892 751 1936 Apostolici
770 1892 943 1932 auditores,
961 1891 1008 1923 iu-

265 1946 365 1980 dicari
386 1951 417 1979 et
437 1945 565 1979 definiri
597 1946 716 1978 debere
731 1973 738 1985 ‚
769 1956 805 1978 ac
826 1945 953 1978 irritum
980 1949 1010 1977 et>

267 1997 362 2030 inane
393 1997 552 2041 quidquid
584 2007 676 2030 secus
698 2008 796 2040 super
816 1996 865 2029 liis
885 2007 903 2028 a
923 2006 1006 2039 quo-

268 2062 385 2095 quam,
415 2050 526 2094 quavis
557 2050 757 2090 auctoritate,
792 2049 931 2083 scienter
962 2049 1009 2081 vel

268 2104 469 2147 ignoranter,
497 2103 668 2146 contigerit
692 2103 853 2143 attentari,
894 2103 1007 2135 decer-

269 2158 386 2191 nimus.
896 2161 898 2163 ’

315 2214 331 2254 5
351 2211 382 2245 ltu,
406 2212 540 2255 Insuper
553 2211 677 2244 dilectis
695 2210 769 2243 siliis
790 2210 891 2253 priori
910 2220 1009 2251 gene-

272 2265 330 2298 rali
351 2271 381 2298 et,
405 2265 621 2298 visitatoribus
650 2264 792 2297 eiusdem
825 2263 1010 2305 Congrege-

272 2317 379 2359 tionis,
403 2324 438 2352 ut
457 2329 557 2352 unum
587 2329 623 2350 ex
650 2317 793 2350 eiusdem
826 2317 1010 2357 Confi-trega-

273 2373 368 2407 tionis
387 2372 562 2412 canonicis,
576 2376 700 2405 servata
720 2369 917 2411 regularium
939 2379 1013 2401 suo-

274 2437 344 2459 rum
364 2426 583 2459 institutorum
599 2425 712 2464 forma,
728 2423 758 2455 111
777 2423 926 2455 abbatem
939 2421 1014 2454 dicti

274 2478 477 2519 monasterii,
502 2478 587 2511 iuxta
608 2483 753 2510 tenorem
775 2475 1011 2519 praesentium,

274 2532 391 2575 eligere
412 2537 441 2565 ct
462 2542 573 2565 creare
602 2531 748 2569 valeant,
777 2528 967 2562 auctoritate
986 2534 1016 2560 et.

274 2592 385 2620 tenore
406 2585 590 2629 praedictis,
619 2583 781 2617 licentiam
808 2581 1016 2616 concedimus

275 2645 305 2674 et
326 2639 541 2682 indulgemus.

320 2696 336 2736 g
359 2693 389 2726 ἴ).
420 2692 575 2732 Quocirca
602 2691 706 2725 cidem
733 2689 912 2723 Alexandro
944 2689 1014 2732 epi-

324 2757 401 2784 trull.
421 2757 499 2784 ltom.
521 2756 578 2783 Vol.
597 2756 624 2781 X.
858 2754 907 2779 ¹108

1020 350 1118 382 scopo
1131 337 1297 378 cardinali,
1312 347 1436 370 necnon
1448 336 1570 370 dilectis
1589 335 1662 369 titiis
1677 337 1761 368 eius-

1021 393 1093 425 dem
1116 391 1378 434 Congregationis
1400 391 1485 434 apud
1506 401 1564 423 nos
1585 395 1762 433 protectori

1023 451 1049 478 et
1074 437 1243 479 causarum
1264 445 1376 479 Curiae
1397 445 1548 478 Gamerae
1562 443 1765 487 Apostolicae

1023 500 1165 543 generali
1185 499 1325 532 auditori
1340 509 1397 542 per
1414 503 1599 542 praesentes
1618 497 1766 530 commit-

1026 553 1120 585 timus
1141 559 1169 585 et
1191 553 1399 590 mandamus,
1431 557 1589 595 (ptatenus
1622 551 1693 594 ipsi,
1718 551 1765 583 vel

1026 608 1101 647 duo,
1125 613 1180 639 aut
1199 618 1281 639 unus
1296 617 1419 645 eorum,
1441 617 1498 649 per
1518 617 1562 646 se,
1586 606 1633 638 vel
1653 605 1782 643 alium(

1026 672 1080 693 scu
1096 661 1174 693 alios
1194 666 1380 704 praesentes
1400 660 1523 692 litteras
1538 665 1569 691 et
1589 659 1620 691 in
1637 659 1681 691 eis
1694 669 1769 691 con-

1028 719 1114 753 tenta
1135 724 1376 756 quaeeun‘ique,
1401 713 1455 745 ubi
1477 718 1516 745 'et
1537 712 1667 755 quando
1689 722 1770 755 opus

1029 766 1133 804 suerit,
1154 772 1184 799 et
1201 767 1326 809 quoties
1345 776 1405 809 pro
1426 771 1515 808 parte
1537 765 1655 808 prioris
1675 775 1771 805 gene-

1029 821 1104 853 ralis
1124 831 1159 853 ae
1180 820 1381 853 visitatorum
1408 819 1550 852 eiusdem
1581 819 1767 860 (1011010311-

1030 875 1138 912 tionis,
1155 880 1281 917 autpro
1299 880 1444 917 tempore
1466 873 1627 906 existentis
1648 872 1772 905 abbatis

1031 927 1105 960 dicti
1128 927 1312 960 monasterii
1341 924 1479 959 Sanctae‘
1501 925 1631 968 Agnetis
1653 925 1771 957 suerint

1031 981 1187 1024 requisiti,
1208 981 1395 1013 solemniter
1415 979 1627 1022 publicantes,
1647 979 1773 1022 illisque

1033 1035 1064 1066 in
1085 1034 1270 1077 praemissis
1291 1033 1428 1066 efficacis
1453 1033 1650 1066 defensionis
1674 1043 1770 1076 prae-

1033 1087 1115 1119 sidio
1138 1087 1332 1125 assistentes,
1362 1086 1479 1119 saciant
1499 1085 1689 1119 auctoritate
1710 1096 1771 1119 nom

1033 1146 1098 1172 stra
1117 1140 1188 1173 illos
1208 1140 1461 1183 praemissorum
1484 1134 1628 1171 omnium
1652 1144 1683 1171 et
1711 1139 1776 1171 sin-

1034 1193 1184 1235 gulorum
1210 1193 1325 1225 effectu
1339 1192 1472 1236 pacifice
1490 1192 1550 1224 srui
1572 1197 1603 1225 et,
1621 1192 1772 1234 gaudere,

1035 1255 1099 1277 non
1110 1244 1331 1288 permittentes
1346 1255 1400 1277 eos
1414 1245 1552 1288 desuper
1565 1255 1583 1277 a
1597 1255 1773 1288 quoquam,

1036 1298 1146 1342 quavis
1167 1298 1375 1337 auctoritate,
1404 1298 1650 1341 quomodolibet
1681 1298 1774 1331 inde—

1035 1352 1100 1384 bite
1121 1352 1294 1385 molestari.
1319 1351 1577 1385 Contradictores
1606 1362 1778 1394 quoscum-

1036 1416 1098 1448 que
1125 1416 1183 1449 per
1208 1415 1359 1438 censuras
1380 1410 1407 1437 et
1435 1415 1555 1447 poenas
1577 1404 1775 1438 ecclesiasti-

1037 1470 1100 1499 cas,
1120 1459 1247 1502 aliaque
1268 1464 1450 1502 opportuna
1483 1458 1560 1491 iuris
1581 1464 1610 1491 et
1630 1459 1702 1491 sacti
1723 1470 1777 1491 re-

1038 1513 1144 1546 media
1158 1540 1165 1552 ,
1190 1512 1406 1556 appellatione
1426 1511 1614 1555 postposita,
1643 1523 1777 1556 compe-

1037 1567 1168 1605 scendo,
1192 1567 1339 1599 invocato
1361 1565 1455 1598 etiam
1485 1566 1525 1599 ad
1546 1566 1619 1605 hoe,
1644 1566 1668 1599 si
1698 1577 1780 1609 opus

1039 1621 1143 1659 suerit,
1168 1621 1285 1654 auxilio
1306 1620 1430 1653 brachii
1448 1621 1632 1653 saecularis.

1085 1677 1100 1717 ξ
1121 1674 1151 1708 tt.
1176 1675 1244 1708 Non
1275 1674 1476 1707 obstantibus
1502 1674 1602 1707 seticis
1632 1675 1782 1707 reeorda-

1040 1729 1136 1762 tionis
1148 1728 1302 1761 Bonifaeii
1318 1728 1420 1771 Papae
1438 1728 1513 1767 Vttt,
1525 1728 1782 1771 praedecessoris

1040 1782 1161 1821 nostri,
1195 1782 1233 1813 de
1253 1791 1336 1819 una,
1361 1786 1391 1813 ct,
1418 1780 1449 1812 in
1475 1780 1612 1813 concilio
1640 1781 1781 1823 generali

1041 1836 1127 1869 edita
1148 1835 1186 1868 de
1207 1835 1333 1867 duabus
1355 1833 1479 1873 diaetis,
1504 1834 1682 1867 dummodo
1699 1835 1784 1867 ultra

1044 1896 1105 1923 tres
1127 1889 1246 1922 diaetas
1268 1888 1383 1931 aliquis
1414 1888 1603 1921 auctoritate
1633 1899 1785 1932 praesen-

1042 1943 1123 1976 tium
1144 1943 1182 1975 ad
1205 1942 1361 1975 iudicium
1383 1952 1448 1974 non
1471 1941 1626 1982 trahatur,
1651 1941 1785 1985 aliisque

1044 1995 1326 2030 constitutioniluis
1341 2000 1371 2028 et
1386 1995 1643 2028 ordinationibus
1657 2000 1785 2038 aposto-

1044 2049 1133 2089 licis,
1158 2060 1194 2082 ac
1222 2048 1366 2081 eiusdem
1388 2047 1654 2090 Congregationis
1690 2048 1786 2080 etiam

1046 2098 1240 2141 iuramento,
1264 2101 1513 2135 confirmatione
1534 2100 1711 2144 apostolica
1739 2102 1787 2133 vel

1047 2156 1157 2200 quavis
1180 2155 1332 2188 firmitate
1354 2155 1414 2187 alia
1447 2153 1627 2193 roboratis,
1663 2154 1789 2187 statutis

1048 2215 1079 2243 et
1099 2208 1401 2249 consuctudinibus,
1430 2207 1606 2251 privilegiis
1635 2217 1785 2251 quoque,

1049 2263 1181 2295 indultis
1202 2268 1231 2295 et
1260 2261 1373 2294 litteris
1401 2260 1587 2304 apostolicis
1609 2260 1639 2292 in
1662 2265 1790 2293 conti-a-

1049 2316 1132 2349 rium
1154 2315 1404 2359 praen‘iissorum
1432 2313 1679 2357 quou‘tot‘lolibet
1708 2324 1787 2346 con-

1049 2369 1165 2409 cessis,
1193 2368 1390 2401 confirumtis
1407 2373 1437 2400 et
1457 2367 1664 2411 approbatis,
1689 2373 1792 2400 eaete-

1050 2422 1157 2465 risque
1179 2421 1350 2454 contrariis
1368 2421 1638 2464 ‹ptiluisctuuque.

1093 2476 1205 2508 Datum
1234 2475 1355 2508 Romae
1387 2475 1470 2517 apud
1503 2475 1532 2507 S.
1562 2475 1700 2507 Marcum
1734 2474 1792 2507 sub

1051 2529 1170 2561 annulo
1197 2527 1378 2563 piscatoris,
1403 2527 1454 2559 die
1479 2537 1553 2560 xxtx
1581 2527 1648 2559 iulii
1677 2537 1790 2568 nucu,

1051 2582 1257 2626 pontificatus
1279 2581 1378 2614 nostri
1397 2591 1482 2613 anno
1504 2581 1689 2614 undecimo.

1086 2644 1146 2670 Dat.
1168 2643 1211 2670 die
1231 2642 1338 2670 29111111
1359 2642 1434 2677 1602,
1456 2642 1553 2678 pontif.
1571 2651 1615 2670 au.
1637 2648 1672 2669 xl.

1671 278 1733 310 857
1781 288 1828 314 An.
1847 288 1876 313 c.
1895 287 1962 315 1602

1818 350 1962 376 Exequutom

1756 390 1761 395 ·
1778 378 1873 403 deputah

1809 1675 1923 1699 nero-„vatis-
1935 1682 1983 1696 con-

1796 1703 1914 1723 trariorum.
