2253 3195
247 216 297 243 An.
315 215 344 242 c.
364 214 434 243 ¹595
478 204 543 238 240

447 263 569 297 seducti
589 273 648 306 per
675 262 766 295 devia
793 262 998 301 aberrantes,
1022 266 1053 294 et
1072 260 1185 304 perni-

447 317 534 351 ciosa
553 316 725 350 schismata
744 314 855 348 sectati
869 315 1074 348 inseruerunt
1087 324 1120 346 se
1131 314 1187 347 do-

446 370 569 403 loribus
589 369 708 408 multis,
731 374 762 401 et
787 368 826 400 ab
847 368 908 401 hac
933 372 1043 400 sancta
1062 367 1188 400 civitate

447 423 670 463 discesserunt,
686 421 783 454 iidem
804 421 930 454 divinae
947 419 1188 453 misericordiae

445 475 642 508 abundantia
661 485 719 518 per
743 473 996 518 resipiscentiam
1011 500 1018 514 ,
1031 483 1184 506 ·conver-

445 529 567 562 sionem
593 534 624 561 et
652 527 907 572 poenitentiam,
945 532 1111 570 tamquam
1150 536 1186 559 ex

444 581 594 614 fluctibus
607 587 788 623 emergunt,
805 586 836 614 et
855 580 1020 614 erroribus
1031 590 1068 613 ac
1087 579 1187 622 schis—

445 634 586 667 matibus
616 634 776 668 damnatis
795 640 827 667 et
848 633 1045 678 repudiatis,
1068 633 1185 666 iterum

445 688 478 720 in
497 687 581 721 hane
600 693 744 721 sanctam
763 687 922 721 civitatem
942 698 960 720 a
977 697 1104 720 summo
1124 687 1187 720 Ro-

444 751 540 774 mano
560 741 736 782 Pontifice,
759 741 814 785 qui
839 741 924 774 illius
948 741 1052 773 claves
1075 739 1183 780 habet,

445 794 664 835 reducuntur,
688 800 719 827 et
744 794 785 827 ad
812 793 983 838 pristinam
1013 793 1183 830 unitatem,

445 857 562 889 magno
580 847 734 880 ecclesiae
747 847 924 880 catholicae
936 846 1066 888 gaudio,
1089 856 1184 879 revo-

445 906 568 933 cantur.
597 901 635 933 Et
661 911 701 933 ne
721 910 867 933 vererem
892 899 1094 943 antiquitatis
1114 909 1185 932 me-

445 953 582 986 moriam
601 960 796 998 repetamus,
817 953 990 986 novissime
1007 952 1057 986 his
1075 952 1189 986 diebus

444 1007 573 1047 nostris,
593 1007 717 1041 illustre
740 1007 1014 1041 reconciliationis
1033 1012 1064 1039 et
1084 1016 1190 1039 rever-

445 1060 546 1094 sionis
563 1061 603 1094 ad
617 1061 809 1095 catholicam
822 1061 991 1095 ecclesiam
1006 1061 1188 1105 exemplum

445 1113 548 1147 extitit
572 1114 796 1148 Ruthenorum
815 1114 1053 1159 episcoporum;
1077 1124 1141 1158 qua
1158 1113 1189 1146 in

447 1177 482 1200 re
500 1166 704 1200 abundantes
724 1167 851 1201 divitias
874 1167 1026 1200 bonitatis
1046 1167 1101 1200 Dei
1114 1177 1191 1209 erga

448 1219 662 1253 humilitatem
699 1226 843 1254 nostram
874 1220 1080 1263 agnoscimus
1095 1247 1102 1260 ,
1135 1219 1190 1263 qui

446 1284 520 1307 cum
542 1274 585 1307 ita
605 1274 811 1319 disposuerit,
839 1280 874 1308 ut
899 1274 1105 1319 pontificatus
1125 1284 1186 1307 no-

445 1333 511 1360 ster
533 1327 564 1360 in
583 1334 646 1361 tam
679 1329 796 1361 multas
816 1328 1010 1361 christianae
1035 1327 1190 1371 reipubli-

446 1392 501 1414 cae
513 1382 721 1422 calamitates,
733 1388 764 1415 et
773 1387 894 1415 tantam
907 1387 1089 1426 temporum
1103 1391 1189 1414 acer-

389 1447 395 1453 ·
446 1434 578 1471 bitatem
591 1434 758 1475 incideret,
776 1446 872 1479 saepe
885 1435 993 1474 etiam,
1010 1435 1190 1468 secundum

293 2288 352 2309 'Qu-t.
367 2295 431 2308 wne·

250 2321 286 2340 prr
301 2317 382 2340 ungula
399 2323 431 2335 ri·

248 2345 339 2368 punitur.

446 1488 686 1522 multitudinem
708 1488 858 1522 dolorum
886 1488 917 1521 in
942 1488 1039 1522 corde
1064 1494 1186 1526 nostro,

446 1541 722 1574 consolationibus
753 1541 818 1574 suis
855 1541 1009 1575 laetificat
1046 1541 1188 1574 animam

445 1600 600 1627 nostram.
631 1596 732 1628 Antea
758 1595 919 1638 siquidem
951 1594 1090 1628 Rutheni
1115 1595 1187 1638 epi-

445 1648 556 1692 scopi,
587 1654 684 1692 atque
715 1658 752 1681 ea
777 1648 882 1681 omnis
903 1648 1034 1692 copiosa
1055 1653 1085 1682 et
1105 1649 1190 1681 clara

444 1702 533 1735 natio
550 1712 622 1734 cum
637 1702 783 1735 Romana
795 1701 947 1743 Ecclesia,
971 1702 1118 1735 omnium
1139 1713 1190 1736 ec-

445 1755 616 1788 clesiarum
646 1761 748 1788 matre
768 1761 799 1788 et
823 1755 993 1798 magistra,
1018 1766 1082 1789 non
1102 1766 1188 1789 com-

446 1807 644 1848 municabat,
679 1808 735 1841 sed
755 1808 879 1852 proprii
899 1809 1059 1842 sermonis
1093 1814 1190 1853 atque

446 1861 609 1895 idiomatis
630 1872 700 1900 usu,
726 1867 849 1894 retento
873 1862 996 1895 Graeco
1010 1862 1084 1903 ritu,
1108 1862 1191 1896 vive-

447 1914 520 1955 bat,
549 1921 579 1948 et
610 1915 792 1947 luctuosum
823 1915 1020 1949 Graecorum
1051 1915 1192 1949 schisma

445 1968 652 2011 sequebatur,
669 1978 705 2000 ex
723 1978 788 2011 quo
809 1978 884 2001 sane
905 1968 1086 2009 schismate,
1103 1970 1189 2013 quod

448 2021 562 2054 intimo
582 2032 655 2054 cum
678 2022 789 2055 dolore
811 2032 1119 2062 commemoramus,
1144 2023 1191 2056 in-

449 2075 667 2108 numerabiles
679 2085 855 2108 aerumnae
869 2081 899 2108 et
915 2075 1062 2109 miseriae
1082 2076 1121 2109 ad
1135 2086 1191 2109 no-

447 2127 845 2161 bilissimamGraecorum
862 2134 1004 2168 gentem,
1026 2134 1189 2173 tamquam

446 2192 463 2213 a
485 2183 571 2214 l'onte
592 2181 745 2225 quodam,
770 2188 1014 2225 promanarunt.

492 2237 507 2277 5
530 2235 558 2268 l.
584 2235 692 2280 Nuper
712 2246 786 2269 vero
807 2236 999 2269 venerahilis
1021 2237 1118 2269 srater
1137 2237 1191 2269 Mi-

448 2288 537 2320 ‹zhael
559 2289 820 2333 archiepiscopus
841 2295 869 2322 et
893 2289 1099 2334 metropolita
1117 2290 1190 2323 Kio-

449 2342 574 2382 viensis,
598 2343 863 2387 llalieiensisque,
879 2355 916 2376 ac
929 2343 1025 2376 totius
1044 2343 1187 2381 ttussiae,

449 2401 477 2427 et
503 2407 576 2428 eum
597 2407 635 2428 eo
650 2396 794 2440 plerique
809 2396 878 2429 eius
901 2396 1192 2440 comprovinciales

448 2448 603 2492 episcopi,
625 2449 773 2482 videlic-et
797 2449 988 2483 venerahilis
1011 2450 1109 2482 l'rater
1130 2449 1190 2493 lly-

449 2501 552 2544 patius
581 2502 838 2542 pruinam-«mins,
863 2503 1034 2547 episeopus
1066 2502 1191 2535 wlodi-

450 2553 608 2586 miriensis
629 2561 657 2587 et
673 2556 860 2592 tin-ustensiffi
879 2555 1013 2600 (Iyrillus
1034 2555 1188 2594 Exarcha,

449 2607 622 2652 episeopus
654 2608 874 2642 Lueeoriensis
904 2614 933 2642 et
960 2608 1190 2648 Ostrosiensis·,

1029 212 1213 237 BULLARIUM
1231 212 1387 237 ROMANUM

1220 260 1406 303 Gregorius,
1417 260 1603 294 nominatus
1615 260 1887 306 archiepiscopus,
1899 262 1964 295 ele-

1221 319 1291 347 ctus
1310 313 1343 346 in
1363 313 1551 357 episcopum
1570 314 1780 347 Polocensem
1800 320 1831 348 et
1849 314 1961 348 Viteb-

1220 376 1377 407 scensem3
1404 366 1568 406 Leontius,
1592 366 1762 410 episcopus
1783 367 1964 400 Pinscensis

1221 425 1251 452 et
1271 419 1464 452 Iuroviensis
1484 419 1553 463 (qui
1566 420 1664 463 paulo
1680 426 1754 463 post
1773 430 1809 453 ex
1828 420 1889 453 hac
1901 421 1964 453 vita

1221 472 1388 515 decessit),
1411 478 1442 505 et
1468 472 1647 517 Dionysius,
1676 472 1848 516 episcopus
1873 473 1964 506 Chel-

1220 525 1339 559 mensis
1359 531 1391 559 et
1410 525 1579 566 Belsensis,
1603 531 1635 559 et
1654 525 1771 559 deinde
1791 526 1960 566 Ionas,ar-

1220 579 1437 612 chimandrita
1463 578 1682 619 Kobrinensis,
1709 579 1829 612 electus
1846 579 1879 612 in
1898 579 1966 623 epi-

1220 642 1354 676 scopum
1385 632 1590 666 Pinscensem
1622 638 1653 666 et
1681 632 1899 666 Iuroviensem
1931 632 1964 665 in

1221 686 1330 719 locum
1350 685 1512 719 demortui
1532 686 1656 719 Leontii
1668 685 1837 729 praedicti:
1852 685 1883 718 hi
1895 695 1965 719 om-

1221 748 1293 779 nes,
1317 739 1424 772 divina
1449 739 1587 783 Spiritus
1611 739 1717 772 Sancti
1746 740 1818 773 luce
1849 749 1963 772 eorum

1221 792 1320 825 corda
1340 792 1560 833 collustrante,
1584 797 1763 835 coeperunt
1776 791 1836 836 ipsi
1853 802 1963 825 secum

1222 845 1363 888 cogitare
1388 851 1419 878 et
1438 845 1522 879 inter
1538 856 1582 886 se,
1610 846 1711 879 multa
1730 845 1966 879 consultatione

1223 904 1254 932 et
1273 898 1425 942 prudenti
1454 898 1618 939 adhibita,
1643 899 1804 939 conferre,
1828 903 1860 932 et
1882 898 1966 932 serio

1223 958 1383 993 tractare,
1407 962 1440 986 se
1467 958 1498 986 et
1528 962 1642 995 greges
1670 962 1752 996 quos
1779 957 1961 996 pascerent,

1224 1016 1289 1040 non
1307 1017 1375 1040 esse
1395 1006 1543 1039 membra
1562 1005 1709 1050 corporis
1728 1005 1855 1046 Christi,
1879 1006 1967 1050 quod

1225 1066 1272 1094 est
1294 1060 1446 1101 Ecclesia,
1469 1061 1524 1105 qui
1548 1061 1664 1094 visibili
1693 1060 1793 1104 ipsius
1813 1061 1968 1094 ecclesiae

1225 1113 1333 1157 capiti,
1350 1124 1478 1147 summo
1491 1115 1638 1148 Romano
1655 1113 1816 1155 Pontifici,
1832 1123 1898 1147 non
1911 1124 1967 1147 co-

1224 1167 1415 1208 haererent,
1440 1173 1470 1201 et
1494 1173 1669 1212 propterea
1689 1167 1865 1212 spiritualis
1884 1167 1966 1200 vitae

1226 1221 1364 1254 inssuxus
1383 1231 1417 1254 se
1434 1230 1499 1254 non
1517 1231 1611 1264 posse
1631 1231 1758 1264 capere,
1782 1230 1888 1264 neque
1899 1231 1969 1254 cre-

1224 1285 1313 1308 seere
1334 1274 1365 1307 in
1377 1274 1542 1314 charitate,
1566 1285 1640 1307 cum
1661 1274 1700 1307 ab
1725 1284 1764 1307 eo
1784 1273 1969 1307 essentdis-

1225 1327 1343 1367 iuncti,
1377 1338 1415 1360 ex
1434 1337 1500 1371 quo
1529 1328 1708 1361 secundum
1727 1327 1828 1360 Deum
1848 1327 1968 1370 pendet

1227 1387 1327 1415 totum
1357 1391 1474 1424 corpus
1498 1386 1702 1424 compactum
1731 1387 1763 1414 et
1787 1390 1968 1414 connexum

1225 1444 1283 1478 per
1300 1444 1430 1467 omnem
1452 1433 1634 1467 iuncturam
1654 1433 1965 1467 subministrationis

1227 1487 1257 1520 in
1278 1497 1463 1521 mensuram
1483 1486 1682 1530 operationis
1711 1486 1966 1530 uniuscuiusque

1226 1541 1375 1574 membri.
1400 1540 1459 1580 Qui
1481 1540 1577 1574 etiam
1603 1551 1637 1574 se
1664 1539 1815 1574 omnibus
1841 1539 1969 1573 animae

1225 1594 1377 1639 periculis
1394 1599 1426 1628 et
1445 1594 1568 1628 insidiis
1587 1593 1742 1638 principis
1762 1593 1969 1627 tenebrarum

1225 1653 1391 1692 tamquam
1412 1646 1515 1681 leonis
1528 1646 1683 1689 rugientis
1694 1646 1876 1691 propositos
1886 1656 1967 1687 esse,

1225 1701 1280 1745 qui
1302 1701 1386 1734 intra
1417 1701 1500 1735 ovile
1523 1700 1654 1741 Christi,
1678 1700 1762 1733 intra
1782 1710 1891 1733 arcam
1918 1710 1968 1733 sa-

1225 1755 1311 1796 lutis,
1331 1760 1361 1788 et
1381 1755 1465 1788 intra
1494 1755 1627 1788 domum
1649 1754 1737 1787 illam
1758 1764 1823 1787 non
1849 1758 1965 1793 essent,

1225 1819 1307 1852 quae
1328 1814 1374 1841 est
1399 1807 1568 1841 aedificata
1588 1817 1686 1850 supra
1705 1812 1842 1851 petram,
1869 1816 1967 1850 quam

1226 1861 1359 1894 flumina
1379 1866 1409 1894 et
1429 1860 1513 1895 venti
1535 1860 1694 1894 irruentes
1710 1865 1877 1904 nequeunt
1895 1869 1970 1903 pro-

1225 1921 1381 1955 sternere,
1405 1914 1437 1947 in
1457 1925 1519 1958 qua
1537 1914 1606 1947 sola
1619 1914 1716 1947 domo
1737 1914 1845 1955 Agnus
1863 1912 1916 1946 ille
1929 1912 1969 1946 ad

1225 1968 1307 2001 vitae
1333 1969 1472 2002 fructum
1503 1967 1695 2007 comeditur,
1718 1967 1773 2011 qui
1794 1966 1875 2000 tollit
1895 1976 1970 2010 pec-

1225 2027 1295 2054 cata
1314 2021 1437 2054 mundi.
1461 2021 1677 2060 Quamobrem
1694 2019 1774 2064 pro'
1790 2018 1925 2052 consilio
1938 2023 1970 2052 et

1225 2074 1355 2108 salutari
1367 2074 1600 2108 deliberatione
1619 2073 1702 2107 inter
1718 2083 1752 2106 sc
1771 2077 1962 2112 statuerunt,

1226 2138 1263 2161 ac
1285 2127 1421 2160 tirmiter
1447 2127 1659 2160 decreverunt
1687 2125 1792 2159 redire
1817 2125 1857 2158 ad
1877 2134 1969 2158 suam

1225 2186 1255 2213 et
1277 2180 1422 2213 omnium
1444 2179 1589 2213 fidelium
1615 2184 1767 2216 matrem.
1790 2178 1968 2212 Romanam

1226 2233 1410 2274 Ecclesiam,
1434 2233 1548 2266 reverti
1569 2233 1608 2266 ad
1630 2233 1809 2265 Romanum
1831 2229 1966 2264 Pontifi-

1226 2298 1294 2321 cem
1316 2287 1430 2321 Christi
1459 2287 1490 2320 in
1513 2286 1604 2320 terris
1621 2285 1798 2325 vicarium,
1822 2290 1853 2318 et
1873 2283 1969 2317 totius

1227 2340 1337 2385 populi
1359 2340 1522 2373 christiani
1552 2348 1759 2373 communem
1789 2343 1911 2381 patrem
1938 2341 1969 2370 et

1227 2399 1400 2437 pastorem,
1422 2394 1518 2435 longo
1543 2392 1672 2436 quidem
1696 2390 1850 2434 temporis
1871 2390 1968 2423 inter-

1227 2448 1320 2486 vallo,
1342 2452 1410 2491 post
1431 2456 1533 2479 annos
1569 2446 1633 2479 l'erc
1653 2451 1781 2479 centum
1802 2444 1966 2489 quinqua-

1227 2500 1316 2543 ginta
1339 2507 1369 2533 et
1390 2500 1541 2545 anmlius,
1565 2505 1675 2544 postea
1695 2510 1791 2543 quam
1827 2497 1969 2543 primum

1265 2577 1274 2601 t
1300 2573 1426 2601 Fortasse
1449 2572 1597 2607 legendum
1618 2570 1760 2606 prudenti
1779 2573 1828 2598 aut
1848 2562 1969 2648 quidpi-

1229 2617 1303 2644 mile.
1854 2615 1919 2649 (ns.

1977 213 2026 239 An.
2043 213 2073 241 C.
2093 184 2186 247 ¹595&
2202 242 2207 246 ,
2239 234 2242 235 ⁷

2005 698 2044 718 Hic
2060 697 2161 718 nominati

1978 726 2098 747 statuerunt
2129 729 2162 745 nn

1979 753 2024 773 diro
2043 751 2070 772 ml
2090 750 2163 772 Ecde-

1978 777 2032 800 sia'rn
2046 777 2162 799 Romanam

1979 810 2035 826 anno
2045 809 2126 825 :nexem
