2253 3195
258 207 307 232 An.
326 205 354 233 c.
377 205 444 234 1594
491 195 553 230 148

273 421 288 441 Ε

259 448 287 467 lib

291 428 304 441 rv
316 424 371 447 gam
379 427 442 447 11111.-

291 450 309 466 ot
339 448 443 470 refixis-:is

258 473 388 500 prohibetur.

285 2435 438 2460 llo-ftil-iltlatn

254 2468 263 2478 1·
288 2464 363 2480 ..vn-tv-
374 2467 406 2486 npi
416 2468 437 2481 1..

353 2491 357 2500 1

458 264 607 298 expressa
620 282 627 294 ,
662 259 693 287 et
713 254 744 286 in
765 252 893 296 scriptis
911 251 1141 295 superiorum)
1162 250 1202 283 sit

457 307 585 350 penitus
602 306 782 340 interdicta.

502 362 519 402 g
539 360 569 393 5.
598 361 731 403 Insuper
755 359 965 402 probibemus
993 368 1033 391 ne
1057 367 1200 401 unquam

459 413 578 446 eisdem
599 411 802 455 regularibus
830 411 925 444 liceat
946 411 1028 444 ullas
1048 410 1201 455 pecunias

459 475 590 509 quoquo
611 465 708 497 modo
729 474 863 507 erogare
890 464 921 496 in
941 463 1077 497 alicuius
1103 463 1199 496 etiam

458 518 673 552 benefactoris
693 523 747 550 aut
767 517 972 561 protectoris,
995 516 1045 550 vel
1065 516 1199 550 Ordina-

459 572 496 604 rii
518 571 696 611 honorem,
732 571 827 604 etiam
853 570 1023 604 occasione
1047 569 1200 602 transitus

458 625 505 657 vel
530 624 626 668 primi
645 624 818 667 ingressus,
841 624 947 657 autad
964 623 1199 657 beneficiorum

457 684 664 722 acceptorum
696 678 887 711 memoriam
914 677 1062 720 gratique
1100 676 1200 709 animi

457 732 725 772 testificationem,
749 743 805 764 seu
824 742 883 775 pro
897 731 1070 775 praedictis
1091 740 1200 774 perso-

456 783 515 824 nis,
539 784 649 827 quavis
671 784 862 817 auctoritate
888 784 936 816 vel
957 783 1112 826 dignitate
1130 783 1201 815 fun-

455 837 614 880 gentibus,
635 837 826 878 honorifice,
847 837 932 870 laute
952 842 981 869 et
996 836 1130 880 opipare
1149 846 1201 868 ex-

455 890 622 939 cipiendis,
643 901 700 924 seu
712 901 771 934 pro
792 889 957 934 quibusvis
971 889 1123 923 conviviis
1141 889 1201 922 eis-

455 944 527 977 dem
547 949 601 977 aut
625 943 764 977 cuiusvis
784 943 887 983 alteri,
915 952 1120 987 quacumque
1141 953 1197 975 oc-

455 997 584 1031 casione
614 997 662 1030 vel
694 1007 811 1034 causa,
845 995 1044 1035 exhibendis,
1068 996 1116 1029 vel
1140 1006 1200 1039 pro

455 1050 745 1084 comessationibus
757 1055 811 1083 aut
825 1049 1119 1093 compotationibus
1131 1049 1201 1092 qui-

455 1104 563 1137 busvis
594 1103 741 1147 personis
774 1109 838 1136 tam
875 1103 1019 1136 eiusdem
1053 1102 1196 1143 ordinis,

455 1156 738 1199 congregationis,
768 1155 966 1196 monasterii,
1003 1156 1118 1189 domus
1146 1163 1198 1189 aut

455 1209 529 1249 loci,
554 1220 651 1253 quam
675 1209 834 1243 extraneis
858 1208 1044 1252 largiendis,
1065 1215 1120 1242 aut
1140 1220 1199 1253 pro

455 1262 643 1296 exhibendis
674 1262 876 1310 spectaculis,
901 1262 996 1296 etiam
1014 1262 1085 1306 piis,
1116 1262 1199 1295 intra

455 1316 625 1356 ccclesias,
659 1315 855 1349 monasteria
887 1321 915 1348 et
948 1316 1062 1349 domos
1093 1326 1200 1349 sacras

455 1380 510 1402 seu
531 1368 610 1412 pias,
632 1369 678 1402 vel
711 1375 799 1402 extra
817 1379 880 1408 eas,
905 1368 936 1401 iu
957 1368 1122 1412 quibusvis
1141 1380 1199 1412 pu-

457 1422 548 1455 blicis
567 1428 619 1455 aut
641 1422 784 1465 privatis,
808 1422 907 1454 sacris
926 1427 978 1454 aut
992 1421 1136 1465 profanis
1154 1422 1199 1455 lo-

456 1475 522 1515 cis,
543 1475 651 1520 ‘etiam
673 1475 726 1508 nbi
750 1476 939 1508 Sanctorum
959 1480 989 1507 01
1009 1474 1198 1508 Sanctarum

456 1529 529 1566 vita,
553 1534 607 1561 aut
628 1539 677 1561 res
698 1528 749 1572 pie
770 1534 888 1571 gestae,
905 1528 1001 1561 ctiam
1024 1529 1054 1561 in
1077 1539 1200 1561 memo-

455 1583 534 1615 riam
558 1582 716 1615 Passionis
746 1581 932 1615 Dominicac
963 1582 1091 1626 populis
1122 1593 1196 1626 spc-

454 1636 588 1668 ‹Jtandac
610 1641 847 1679 proponuntur,
871 1641 925 1668 aut
954 1636 1032 1669 alias
1053 1636 1082 1668 in
1106 1647 1199 1679 prae-

455 1689 558 1727 dictis,
588 1688 652 1721 sive
674 1688 703 1720 in
726 1688 890 1732 quibusvis
917 1689 1012 1722 rebus
1040 1700 1195 1733 superva-

455 1741 562 1774 caneis
583 1741 622 1773 ad
641 1752 794 1785 pompam
817 1747 844 1774 et
868 1741 1130 1781 ostentationem,
1146 1748 1198 1775 aut

454 1795 493 1827 ad
512 1794 774 1832 oblectationem,
802 1795 849 1826 vel
872 1805 1049 1838 paucorum
1072 1796 1197 1828 lut-rum

455 1853 485 1880 et
503 1847 626 1891 privata
659 1848 831 1880 commoda
852 1849 1099 1891 quomodolibet
1119 1860 1195 1893 per-

456 1901 641 1940 tinentibus,
672 1901 731 1933 nisi
759 1912 792 1933 re
813 1901 881 1944 ipsa
901 1912 960 1945 pro
981 1901 1090 1935 divino
1111 1903 1197 1936 cultu

454 1960 484 1987 et
523 1954 605 1987 veris
632 1954 745 1988 Christi
779 1965 957 1998 pauperum
989 1955 1194 1997 indigentiis,

453 2014 577 2040 servato
600 2007 629 2040 in
645 2008 705 2040 boc
727 2008 891 2041 eharitatis
905 2008 1018 2041 ordine
1039 2015 1067 2042 ct
1089 2009 1198 2042 habita

454 2061 652 2094 necessitatis
682 2060 816 2100 ratione,
841 2062 879 2093 ‹le
907 2061 1042 2095 1-111151110
1064 2068 1193 2095 0101111-

451 2125 545 2148 sensu
567 2115 770 2159 superiorum
795 2115 1014 2153 sublevandis,
1047 2122 1101 2149 aut.
1120 2116 1197 2149 alias

453 2170 483 2201 in
507 2170 602 2201 rebus
624 2169 727 2206 111-1115,
758 2176 785 2201 et
814 2180 870 2213 per
895 2170 1071 2213 vapittthim
1101 2181 1198 2211 gene-

453 2222 517 2254 rale
538 2227 590 2254 aut
613 2222 808 2265 provinciale
835 2233 898 2254 111111
925 2223 1120 2266 prohibitis,
1150 2224 1195 2256 vel

454 2281 555 2307 laxam
579 2276 620 2308 ibi
645 2278 750 2308 forsan
771 2276 998 2320 praescriptam
1015 2288 1077 2309 111111
1100 2288 1193 2310 exrc-

453 2328 615 2365 atquibus,
639 2335 786 2372 sumptus
808 2329 993 2362 huiusmodi
1016 2331 1103 2363 liant.

499 2382 513 2420 ,Q
533 2382 562 2412 ti.
586 2382 789 2415 Περι-1011111105
811 2387 916 2414 taint-n
940 2393 996 2426 111-1·
1017 2383 1106 2419 baur,
1129 2383 1196 2415 lau-

455 2434 650 2471 111111111-1111-1,
672 2436 847 2478 apostolic-n
865 2436 1011 2468 ‹tm-trina
1033 2436 1196 2480 sacrisque

455 2488 642 2524 fanonibus,
656 2490 915 2522 1-111111111·111111111111
931 2490 1192 2533 hospitalitatem,

456 2542 641 2584 pransor-tun
665 2553 738 2581 erga
766 2554 922 2586 patna-ros
943 2549 972 2575 ct
994 2543 1191 2587 perc-grimm,

456 2604 659 2638 nequaquam
684 2594 828 2627 imminui
851 2601 901 2628 aut
924 2596 1101 2640 prohiberi.
1121 2595 1213 2639 Qui-¹

1041 203 1225 227 BULLARIUM
1244 202 1399 226 ROMANUM

1235 249 1359 282 nimmo
1376 249 1400 282 si
1423 249 1477 293 qui
1498 248 1644 282 redditus
1664 249 1705 281 ad
1725 247 1769 288 id,
1791 248 1841 281 vel
1858 258 1896 281 ex
1909 247 1979 280 fun-

1236 303 1387 343 datione,
1422 303 1471 336 vel
1493 314 1529 335 ex
1564 301 1734 342 institutis,
1765 301 1902 342 statutis,
1925 307 1981 335 aut

1236 355 1525 389 consuetudinibus
1549 354 1734 398 aliquorum
1761 354 1976 388 monasterio—

1235 420 1328 449 rum,
1367 409 1530 449 ordinum,
1564 414 1617 442 aut
1638 408 1837 451 regularium
1862 407 1976 442 huius-

1235 462 1323 495 modi
1350 462 1508 501 locorum,
1543 467 1598 495 aut
1627 472 1664 495 ex
1695 466 1897 502 testatorum,
1930 462 1979 495 vel

1235 515 1425 548 donantium
1446 515 1675 555 voluntatibus,
1699 515 1764 548 sive
1785 514 1864 548 alias
1877 515 1981 558 appli-

1235 569 1308 609 cati,
1342 574 1396 602 aut
1429 569 1538 603 donati
1569 575 1660 610 sunt,
1693 579 1748 602 eos
1773 568 1917 608 omnino,
1945 573 1982 602 ut

1235 622 1337 662 decet,
1361 622 1484 666 integre
1509 622 1540 655 in
1563 633 1639 656 usus
1664 622 1734 666 pios
1754 621 1981 665 hospitalitatis

1234 675 1421 709 huiusmodi
1434 676 1615 719 erogandos
1634 687 1713 716 esse,
1739 680 1770 709 et
1790 674 1981 719 praesertim

1235 729 1267 762 in
1295 729 1499 762 monasteriis
1523 740 1580 762 seu
1600 729 1679 762 locis
1706 728 1851 768 desertis,
1881 733 1912 761 et
1940 729 1980 761 ab

1235 782 1392 816 laicorum
1418 782 1553 816 aedibus
1583 782 1711 825 longius
1739 781 1894 822 remotis,
1925 781 1980 815 ubi

1235 841 1343 869 tamen
1363 846 1543 879 pauperum
1569 840 1601 868 et
1620 846 1693 869 vere
1707 845 1884 878 egenorum
1898 834 1981 868 ratio

1236 890 1267 922 in
1288 889 1402 934 primis
1422 890 1591 923 habeatur.
1617 889 1648 923 Si
1669 899 1750 933 quos
1785 899 1861 922 vero
1886 888 1981 922 ditio-

1235 953 1296 983 res,
1320 942 1496 978 occasione
1511 942 1662 975 transitus
1683 941 1748 975 sive
1761 941 1840 974 alias
1860 953 1898 975 ex
1918 942 1977 975 de-

1235 996 1373 1029 votionis
1390 1001 1446 1029 aut
1468 995 1668 1029 necessitatis
1686 1005 1793 1036 causa,
1822 1005 1860 1028 eo
1874 995 1980 1029 diver-

1235 1055 1302 1083 tere
1322 1049 1505 1092 contigerit,
1529 1059 1585 1083 eos
1599 1059 1676 1083 sane
1697 1050 1826 1082 deceret
1845 1049 1980 1082 refecto-

1236 1103 1284 1136 rio
1305 1102 1469 1136 communi
1497 1113 1570 1136 cum
1588 1102 1747 1145 religiosis
1762 1130 1769 1141 ,
1804 1112 1980 1146 mensaque

1235 1162 1265 1189 et
1298 1156 1428 1189 ferculis
1456 1156 1706 1196 communibus,
1734 1166 1941 1199 nequaquam
1962 1166 1980 1188 a

1235 1209 1369 1242 caeteris
1389 1209 1556 1249 distinctis,
1580 1214 1748 1242 contentos
1759 1219 1838 1242 esse.
1862 1209 1979 1242 Verum

1235 1263 1368 1297 omnino
1389 1263 1449 1307 ipsi
1471 1263 1637 1306 regulares
1659 1262 1689 1295 in
1711 1262 1893 1306 hospitibus
1913 1262 1976 1296 hu-

1236 1316 1374 1350 iusmodi
1398 1316 1636 1360 potentioribus
1657 1315 1854 1360 excipiendis
1881 1315 1923 1348 ita
1945 1326 1979 1350 se

1235 1375 1345 1412 gerant
1362 1397 1368 1410 ‚
1389 1375 1424 1402 ut
1444 1369 1476 1402 in
1497 1369 1543 1402 cis
1568 1368 1734 1412 frugalitas
1755 1374 1785 1401 ct
1805 1373 1979 1412 paupertas

1234 1423 1384 1465 religiosa
1405 1433 1538 1467 prorsus
1558 1423 1693 1456 eluceat.

1279 1477 1294 1518 ξ
1318 1475 1346 1508 7.
1371 1476 1442 1509 Pari
1469 1475 1567 1508 etiam
1587 1475 1712 1509 ratione
1733 1475 1876 1509 districte
1896 1475 1980 1509 inhi-
2020 1492 2026 1500 Δ

1234 1529 1347 1562 bemus
1367 1539 1407 1562 ne
1428 1529 1587 1572 quispiam
1621 1540 1657 1562 ex
1678 1529 1852 1573 praedictis
1878 1528 1979 1563 laicus

1234 1582 1312 1615 alias
1333 1592 1429 1626 quam
1451 1587 1485 1614 ut
1510 1581 1658 1626 superius
1683 1582 1804 1616 dictum
1830 1587 1898 1623 cst,
1931 1583 1979 1615 vel

1234 1636 1370 1669 clericus
1390 1635 1564 1669 saecularis
1590 1636 1637 1669 vel
1652 1635 1807 1678 regularis
1821 1645 1979 1679 quocum-

1234 1699 1296 1732 que
1326 1688 1471 1729 honore,
1503 1688 1780 1733 -praeeminentia,
1813 1689 1980 1723 nobilitate

1234 1748 1288 1776 aut
1315 1743 1503 1776 excellentia
1535 1743 1630 1776 etiam
1656 1742 1791 1776 Sanctae
1815 1743 1980 1777 Romanae

1234 1796 1393 1829 Ecclesiae
1425 1795 1643 1829 cardinalatus
1667 1796 1821 1837 dignitate
1843 1796 1976 1840 praedi-

1235 1855 1294 1890 tus,
1319 1849 1416 1882 ctiam
1434 1854 1609 1893 protector,
1632 1849 1899 1893 vire-protector,
1918 1850 1978 1883 lor-i

1233 1902 1426 1946 ordinarius,
1459 1902 1621 1946 praelatus
1642 1902 1801 1944 generalis
1816 1930 1823 1943 ,
1847 1903 1979 1946 provin·

1233 1955 1322 1988 cialis
1337 1952 1356 1996 ,'
1377 1960 1431 1988 aut
1464 1955 1662 1996 monasterii,
1697 1956 1824 1996 domus,
1847 1957 1895 1989 vel
1916 1957 1978 1990 loci

1233 2008 1404 2042 cuiuslibet
1438 2008 1606 2051 superior,
1651 2019 1804 2042 eorumve
1835 2009 1947 2043 affines
1967 2037 1974 2051 ,

1233 2061 1418 2105 propinqui,
1446 2061 1629 2101 familiares,
1640 2067 1690 2095 aut
1703 2062 1838 2096 ministri
1854 2062 1974 2096 utrius·

1234 2115 1308 2147 libet
1342 2126 1446 2156 sexus,
1470 2115 1644 2159 quicquam
1668 2121 1780 2149 contra
1807 2116 1890 2150 banc
1925 2127 1978 2150 su-

1233 2169 1341 2213 perius
1362 2179 1545 2212 extu-ossam
1568 2169 1785 2212 probitionem
1807 2169 1973 2214 recipiant.

1232 2223 1321 2262 Quod
1343 2222 1380 2262 si,
1405 2223 1452 2255 vel
1475 2223 1514 2255 1111
1543 2223 1651 2267 aliquo
1683 2223 1868 2267 particulari
1896 2224 1974 2257 reli-

1232 2275 1333 2316 gioso,
1351 2277 1397 2308 rel
1418 2286 1436 2308 a
1455 2275 1623 2320 superiore
1641 2276 1794 2320 quopiam
1816 2277 1972 2319 generali,

1233 2329 1442 2373 provinciali,
1476 2335 1527 2362 aut
1561 2329 1623 2362 alio
1641 2339 1849 2374 quocumque
1869 2330 1977 2364 officio

1233 2384 1404 2422 fungente.
1438 2389 1490 2416 aut
1520 2389 1728 2422 111-0111011111,
1760 2384 1901 2428 capitulo
1928 2385 1975 2418 vel

1231 2437 1498 2477 congregatione,
1538 2437 1602 2470 sivo
1631 2437 1670 2470 ab
1695 2437 1844 2471 universo
1863 2438 1977 2472 ordine

1231 2497 1261 2522 1,·1,
1282 2490 1437 2530 religione
1449 2490 1623 2534 quicquam
1634 2491 1827 2534 receperint,
1842 2490 1872 2524 id
1887 2491 1975 2535 quod

1230 2543 1409 2587 acceperint
1426 2555 1519 2577 suum
1535 2555 1598 2578 non
1617 2544 1744 2578 faciant.
1761 2545 1890 2585 Verum,
1907 2545 1975 2589 ipso

1230 2597 1324 2637 facto,
1353 2598 1477 2642 absque
1499 2598 1606 2643 aliqua
1633 2597 1811 2632 monitione
1847 2597 1972 2639 iudicis,

1993 199 2042 225 An.
2054 183 2089 226 b.
2110 199 2179 228 ¹59

1994 1505 2102 1532 pientinus
2129 1510 2170 1532 po

1994 1538 2035 1554 uae
2050 1532 2155 1559 infligunt·
2171 1531 2175 1535 “
