2253 3195
80 264 128 292 An.
145 263 172 290 C.
197 262 263 289 1599

101 589 262 614 Facutmzozquv

80 616 168 641 eligendi
177 616 202 636 ab
212 621 262 636 unw-

80 648 162 670 qunque
182 642 262 662 confes-

80 675 155 691 sarium
169 669 247 689 tribuit.

128 2293 270 2316 praesentium

88 2319 203 2345 publicatio
240 2321 270 2342 sa-

89 2347 168 2368 cienda.

892 260 1040 284 CLEMENS
1057 260 1114 284 VlII
1134 260 1183 283 ΙΨ.

276 316 307 344 et
333 309 573 347 remissionem,
601 309 684 342 sicut
714 309 744 341 in
774 319 859 341 anno
886 308 1018 341 Iubilaei

276 364 476 397 visitantibus
498 369 600 396 certas
617 363 776 403 basilicas,
794 363 877 395 intra
891 368 919 395 et
934 367 1020 395 extra

275 418 405 457 Urbem,
429 416 563 451 concedi
589 417 765 456 consuevit,
788 423 899 449 tenore
928 427 1021 459 prae-

275 471 426 509 sentium,
447 470 654 503 concedimus
680 476 710 503 et
735 469 950 512 impertimur.

322 526 338 566 g
369 523 398 557 5.
428 524 579 557 Necnon
610 523 723 556 iisdem
756 522 1021 555 christifidelibus

278 577 445 621 utriusque
465 587 557 609 sexus
579 581 642 609 tam
663 576 771 615 laicis,
796 586 891 619 quam
914 575 1017 607 eccle-

277 630 422 670 siasticis,
447 629 511 663 sive
531 629 769 668 saecularibus,
793 628 857 661 sive
883 627 1021 660 cuiusvis

277 684 403 717 Ordinis
432 689 461 716 et
486 682 772 725 congregationis,
800 693 855 714 seu
885 681 1021 714 instituti

277 737 480 780 regularibus
501 736 726 778 indulgemus,
755 741 786 768 ut
813 736 873 768 sibi
903 736 1021 778 eligere

275 791 400 834 possint
429 800 668 834 quemcumque
693 790 916 833 presbyterum
944 800 1021 822 eon-

276 845 455 885 fessarium,
482 851 545 878 tam
567 845 745 878 secularem
764 855 861 888 quam
883 843 1021 876 cuiusvis

276 898 426 939 Ordinis,
450 899 497 931 vel
528 897 663 931 instituti
692 898 872 939 regularem
899 908 935 930 ex
964 908 1020 941 ap-

275 951 420 995 probatis
440 951 479 984 ab
500 950 678 985 Ordinariis
696 951 853 991 locorum,
875 956 907 983 ut
929 961 1021 994 prae-

277 1005 389 1045 fertur,
414 1005 468 1048 qui
490 1015 544 1038 eos
565 1005 604 1037 ab
625 1004 775 1037 omnibus
801 1002 1020 1036 excommuni-

277 1058 423 1098 cationis,
444 1057 664 1102 suspensionis
686 1063 716 1090 et
737 1057 911 1096 interdicti,
935 1056 1021 1089 aliis-

277 1123 340 1156 que
361 1111 584 1145 ecclesiasticis
604 1110 770 1144 sententiis
791 1116 821 1143 et
841 1110 985 1143 censuris
1005 1120 1023 1142 a

276 1166 346 1199 iure
362 1166 411 1198 vel
428 1165 467 1198 ab
492 1165 624 1198 homine
642 1164 754 1209 quovis
769 1164 866 1197 niodo
883 1169 913 1197 et
927 1175 1023 1197 causa

276 1219 348 1253 latis
363 1247 370 1260 ,
394 1230 450 1253 seu
475 1219 621 1259 inflictis,
644 1229 771 1252 necnon
800 1219 839 1252 ab
872 1218 1023 1253 omnibus

276 1274 427 1318 peccatis,
448 1273 640 1313 excessibus,
662 1273 864 1313 criminibus,
889 1278 916 1306 et
937 1272 1019 1306 deli-

277 1328 336 1361 ctis
356 1327 562 1372 quantumvis
586 1327 735 1369 gravibus
761 1332 791 1359 et
811 1326 997 1360 enormibus
1012 1354 1019 1366 ,

278 1381 372 1414 etiam
387 1380 420 1413 in
438 1380 562 1414 casibus
585 1386 647 1414 tam
669 1380 815 1413 locorum
830 1379 1019 1420 Ordinarfis,

278 1445 374 1478 quam
399 1434 492 1467 nobis
507 1461 514 1474 ,
539 1439 570 1467 et
593 1433 667 1467 Sedi
687 1433 902 1477 Apostolicae,
926 1433 1022 1466 etiam

278 1487 310 1521 in
331 1487 444 1521 litteris
476 1487 528 1520 die
554 1487 675 1521 Coenac
698 1487 835 1520 Domini
855 1487 916 1529 legi
945 1497 1021 1520 con-

278 1541 387 1581 suetis,
404 1546 499 1585 atque
520 1540 597 1573 alias
615 1540 709 1573 etiam
731 1551 788 1584 per
805 1551 1024 1584 quascumque

278 1600 405 1628 nostras
416 1595 464 1628 vel
477 1595 699 1628 Romanorum
714 1594 919 1634 Pontificum,
932 1605 1025 1638 prae-

279 1648 485 1681 decessorum
513 1653 719 1688 nostrorum,
758 1647 1021 1688 constitutiones,

280 1712 417 1745 quarum
442 1706 570 1734 tenores
594 1700 818 1745 praesentibus
838 1701 951 1734 haberi
973 1711 1026 1733 vo-

280 1756 388 1788 lumus
408 1765 466 1798 pro
497 1754 673 1798 expressis,
698 1754 945 1799 quomodolibet
969 1765 1023 1787 re-

279 1808 412 1842 servatis
432 1808 464 1841 in
486 1808 555 1841 foro
577 1813 701 1841 tantum
720 1808 947 1848 conscientiae,
968 1808 1027 1841 bac

279 1862 347 1896 vice
376 1863 481 1895 solum
513 1862 689 1896 absolvere.
725 1862 761 1895 Et
793 1862 924 1906 insuper
955 1869 1027 1895 vota

281 1926 505 1960 quaecumque
526 1915 704 1960 (religionis
718 1921 748 1949 et
761 1915 914 1948 castitatis
935 1916 1028 1949 dum-

282 1974 367 2003 taxat.
387 1969 551 2013 exceptis)
581 1969 612 2002 in
638 1968 699 2001 alia
731 1968 784 2012 pia
815 1974 845 2001 et
875 1969 1028 2002 salutaria

282 2033 382 2066 opera
401 2028 615 2061 commutare,
637 2022 781 2055 iniuncta
798 2028 904 2056 tamen
926 2022 981 2062 eis,
998 2028 1027 2055 et

283 2086 398 2109 eorum
433 2075 565 2108 cuilibet
596 2075 627 2108 in
656 2075 849 2119 supradietis
878 2076 1029 2109 omnibus

283 2129 409 2162 casibus
429 2128 629 2173 poenitentia
649 2129 792 2169 salutari,
814 2140 850 2162 ac
870 2129 941 2163 aliis
961 2130 1029 2163 eius

284 2183 421 2216 arbitrio
442 2182 659 2225 iniungendis,
683 2182 806 2226 possint
826 2188 857 2216 et
873 2184 1008 2216 valeant.

329 2239 345 2279 ξ
367 2237 397 2270 6.
421 2237 607 2269 Mandantes
627 2242 818 2280 propterea,
843 2242 874 2269 et
906 2237 938 2269 in
968 2236 1030 2269 vir-

286 2295 353 2323 tute
373 2295 502 2324 sanctae
523 2289 726 2323 obedientiae
740 2289 881 2323 districte
902 2290 1028 2333 praeci-

286 2344 405 2388 piendo
427 2344 579 2377 omnibus
609 2343 846 2377 venerabilibus
882 2344 1032 2376 fratribus

287 2397 550 2442 archiepiscopis,
568 2397 737 2441 episcopis,
762 2403 792 2430 et
811 2397 881 2430 aliis
898 2396 1031 2440 quibus-

287 2461 426 2495 cumque
445 2451 592 2484 locorum
619 2450 807 2490 Ordinariis,
831 2456 862 2483 et
882 2450 953 2483 aliis
973 2461 1029 2483 su-

285 2505 440 2549 pradictis
456 2532 463 2545 ,
487 2505 527 2538 ad
558 2515 639 2549 quos
670 2504 881 2549 pertinuerit,
905 2509 939 2537 ut
960 2514 1032 2537 cum

286 2558 505 2602 praesentium
526 2558 707 2591 litterarum
734 2562 958 2601 transumpta,
980 2563 1034 2591 aut

288 2612 433 2656 exempla
459 2611 658 2655 acceperint,
683 2611 737 2644 illa
757 2611 863 2644 statim
885 2622 942 2655 per
961 2621 1034 2645 suas

287 2664 448 2706 ecclesias,
470 2664 623 2706 civitates,
648 2664 779 2709 oppida,
802 2669 913 2705 terras,
939 2664 1030 2705 loca,

1055 308 1217 341 dioeceses
1235 307 1400 351 publicent
1420 312 1449 339 ct
1464 306 1680 350 promulgent,
1698 312 1727 338 et
1741 316 1799 349 pu-

1055 361 1165 394 blicari
1187 360 1431 404 etpromulgari
1453 359 1580 399 faciant,
1605 359 1756 402 cleroque
1770 364 1800 391 et

1054 415 1175 459 populo
1196 414 1254 447 sibi
1276 414 1419 447 subiecto
1440 414 1600 446 solemnes
1621 412 1800 456 processio-

1055 479 1111 501 nes
1132 473 1160 500 et
1182 467 1432 511 supplicationes
1457 466 1577 511 pariter
1598 466 1741 499 indicant
1769 471 1800 498 et

1055 522 1230 555 celebrent.

1101 576 1116 616 ξ
1139 574 1168 607 7.
1192 575 1252 607 Per
1271 579 1457 618 praesentes
1478 579 1584 607 autem
1606 584 1670 606 non
1690 573 1797 606 inten-

1056 628 1162 660 dimus
1179 638 1276 671 super
1288 627 1394 671 aliqua
1417 627 1653 670 irregularitate
1672 627 1802 670 publica

1055 682 1105 714 vel
1130 681 1267 719 occulta,
1292 686 1378 719 nota,
1404 681 1542 720 defectu,
1567 680 1798 723 incapacitate,

1056 740 1110 767 aut
1127 733 1338 773 inhabilitate,
1360 744 1491 777 quoquo
1505 734 1601 766 modo
1623 738 1798 773 contracta,

1056 788 1198 832 aliquam
1222 787 1407 820 facultatem
1428 786 1574 820 tribuere
1595 786 1802 830 dispensandi

1056 852 1112 875 seu
1138 840 1340 880 babilssandi,
1365 846 1415 872 aut
1440 840 1470 873 in
1489 840 1662 884 pristinum
1684 845 1801 872 statum

1056 894 1257 933 restituendi,
1286 893 1382 927 etiam
1405 893 1436 926 in
1463 894 1533 926 foro
1563 893 1799 932 conscientiam

1056 960 1161 992 neque
1186 953 1217 981 et
1241 948 1278 981 iis
1307 952 1494 991 praesentes
1524 952 1649 980 nostras
1680 946 1803 979 litteras

1056 1002 1241 1035 ullomodo
1271 1001 1439 1043 suffragari
1471 1011 1565 1045 posse
1598 1007 1629 1033 et
1660 1000 1799 1040 debere,

1057 1055 1111 1099 qui
1132 1055 1171 1088 ab
1192 1055 1301 1098 aliquo
1323 1054 1429 1088 iudice
1450 1053 1731 1093 excommunicati,
1749 1064 1802 1087 su-

1057 1109 1163 1154 spensi
1190 1109 1238 1142 vel
1267 1108 1450 1149 interdicti,
1482 1119 1538 1141 seu
1559 1108 1637 1141 alias
1669 1107 1701 1140 in
1730 1118 1802 1141 sen-

1059 1163 1172 1196 tentias
1190 1168 1220 1196 et
1241 1172 1391 1196 censuras
1406 1162 1555 1195 incidisse
1574 1161 1738 1199 declarati,
1754 1161 1803 1194 vel

1057 1216 1186 1261 publice
1204 1215 1388 1249 denunciati
1408 1215 1537 1255 fuerint,
1555 1215 1615 1247 nisi
1630 1214 1714 1247 intra
1726 1220 1805 1247 tem-

1057 1282 1116 1315 pus
1136 1270 1363 1304 celebrationis
1383 1269 1570 1303 huiusmodi
1594 1268 1727 1302 Iubilaei
1749 1279 1802 1301 sa-

1058 1324 1254 1364 tisfecerint,
1278 1329 1331 1357 aut
1356 1334 1429 1357 cum
1455 1322 1601 1366 partibus
1627 1323 1805 1355 concorda-

1057 1379 1170 1412 verint.
1195 1370 1421 1411 Praesentibus
1438 1387 1541 1421 usque
1562 1377 1601 1409 ad
1622 1386 1742 1409 annum
1756 1377 1806 1410 lu-

1058 1431 1153 1465 bilaei
1172 1431 1331 1464 exclusive
1352 1431 1518 1464 dumtaxat
1534 1429 1691 1463 valituris.

1103 1484 1168 1528 {8-
1193 1485 1262 1518 Non
1290 1484 1493 1517 obstantibus
1520 1483 1805 1517 constitutionibus

1059 1544 1090 1573 et
1111 1538 1369 1572 ordinationibus
1389 1538 1591 1582 apostolicis,
1615 1536 1805 1581 praesertim

1060 1594 1176 1638 quibus
1201 1593 1387 1627 absolvendi
1408 1593 1541 1626 facultas
1562 1592 1594 1625 in
1616 1592 1710 1625 certis
1731 1597 1807 1625 tune

1061 1647 1216 1691 expressis
1238 1646 1385 1685 casibus,
1410 1645 1452 1678 ita
1480 1646 1626 1679 Romano
1659 1644 1806 1678 Pontifici

1060 1712 1118 1745 pro
1139 1706 1286 1744 tempore
1307 1700 1452 1733 existenti
1480 1700 1669 1738 reservatis,
1693 1705 1728 1733 ut
1748 1710 1808 1733 nec

1061 1755 1156 1788 etiam
1178 1754 1298 1788 similes
1324 1754 1369 1787 vel
1393 1754 1564 1787 dissimiles
1596 1753 1728 1786 lubilaei
1759 1753 1808 1786 in-

1062 1808 1313 1851 dulgentiarum,
1338 1813 1393 1841 aut
1413 1808 1600 1841 facultatum
1620 1807 1807 1841 huiusmodi

1062 1862 1296 1902 concessiones,
1320 1862 1381 1895 nisi
1402 1862 1442 1896 de
1463 1861 1524 1895 illis
1545 1872 1695 1905 expressa
1716 1872 1808 1894 men-

1063 1916 1125 1955 tio,
1153 1921 1208 1949 aut
1233 1915 1381 1959 specialis
1402 1912 1569 1957 derogatio
1590 1914 1668 1955 fiat,
1693 1914 1809 1958 cuique

1062 1969 1239 2011 suffragare
1261 1974 1399 2012 queant3
1423 1979 1549 2001 necnon
1571 1968 1683 2010 regula
1700 1973 1810 2001 nostra

1063 2024 1101 2057 de
1115 2033 1179 2056 non
1192 2023 1408 2056 concedendis
1422 2022 1630 2065 indulgentiis
1644 2022 1683 2055 ad
1696 2021 1806 2061 instar,

1063 2087 1346 2121 quorumcumque
1364 2076 1519 2110 Ordinum
1536 2081 1566 2109 et
1579 2075 1808 2117 Congregatio-

1063 2141 1152 2171 num,
1173 2130 1239 2164 sive
1260 2129 1480 2163 institutorum
1502 2128 1700 2171 regularium
1723 2128 1809 2161 iura-

1065 2189 1185 2223 mento,
1203 2183 1451 2217 confirmatione
1466 2182 1653 2227 apostolica,
1669 2183 1717 2216 vel
1732 2193 1810 2226 qua-

1065 2237 1110 2269 vis
1130 2236 1281 2269 firmitate
1295 2236 1357 2269 alia
1370 2236 1529 2269 roboratis
1543 2235 1669 2268 statutis
1688 2240 1718 2268 et
1732 2245 1810 2267 con-

1065 2290 1300 2330 suetudinibus,
1321 2290 1497 2333 privilegiis
1515 2300 1656 2333 quoque,
1677 2288 1811 2321 indultis

1066 2348 1096 2376 et
1116 2343 1228 2376 litteris
1249 2343 1432 2386 apostolicis
1453 2343 1573 2375 eisdem
1595 2341 1768 2375 Ordinibus
1782 2347 1813 2375 et

1066 2396 1396 2438 Congrcgationibus,
1420 2401 1516 2439 atque
1546 2395 1699 2428 institutis
1726 2405 1809 2439 quo-

1067 2449 1244 2483 modolibet
1264 2449 1435 2488 concessis,
1459 2448 1646 2493 approbatis
1667 2454 1697 2481 et
1718 2448 1811 2482 inno-

1067 2503 1154 2536 vatis.
1167 2502 1288 2542 Quibus
1306 2502 1457 2535 omnibus
1475 2508 1505 2535 et
1525 2501 1670 2544 singulis,
1688 2501 1813 2535 etiarnsi

1068 2558 1106 2590 de
1128 2557 1189 2590 illis
1210 2567 1388 2600 eorumque
1411 2556 1483 2590 totis
1516 2556 1681 2589 tenoribus
1713 2555 1814 2600 speci-

1068 2611 1128 2643 fica
1155 2616 1183 2643 et
1210 2609 1397 2650 individua,
1419 2620 1483 2643 non
1504 2615 1610 2642 autem
1637 2620 1695 2653 per
1726 2610 1813 2643 clau-

1068 2664 1153 2698 sulas
1174 2664 1339 2707 generales
1369 2663 1454 2698 idem
1484 2663 1695 2708 importantes
1716 2673 1810 2697 rnen-

1699 245 1762 279 477
1811 255 1860 282 An.
1883 255 1910 281 c.
1931 255 1997 283 1509

1838 584 1985 609 Est-cptiones.

1830 1490 1963 1511 Obstantium
1972 1488 2007 1509 de·

1820 1520 1910 1544 rogatio.
