2253 3195
36 228 84 255 An.
101 226 129 254 C.
153 225 221 253 1595

35 337 147 360 Clausulas
159 342 220 363 prae-

35 365 162 387 servaturae.

65 1135 222 1156 Contrariorum

39 1161 89 1183 dero
93 1162 156 1188 gatio.

851 220 999 245 CLEMENS
1015 220 1073 244 VIII
1093 220 1143 244 PP.

279 274 294 317 ἓ
322 272 352 306 3.
386 273 496 316 Neque
525 272 692 310 doctores.
724 270 922 315 professores
947 274 979 302 et

235 327 397 360 scholares
418 326 497 366 iam,
522 332 556 359 ut
583 326 781 369 praefertur,
805 324 978 366 graduales

236 386 267 414 et
286 380 437 423 deinceps
457 379 675 422 graduandos,
692 378 836 421 aliosque
857 376 978 410 officia-

235 436 281 468 les
301 439 331 467 et
352 434 514 467 ministros
528 433 671 466 eiusdem
685 430 901 465 universitatis
918 431 980 463 Me-

234 488 413 522 xicanensis
438 487 477 520 ab
506 486 614 529 aliquo
642 484 828 524 molestari,
851 489 979 527 pertur-

234 541 315 581 bari,
326 540 566 584 inquietari,vel
581 538 730 583 impediri
745 548 853 582 posse;
870 537 980 580 sicque

233 605 291 639 per
312 603 534 638 quoscumque
555 592 677 625 iudices
698 590 930 624 ecclesiasticos
951 596 981 623 et

233 648 424 687 saeculares,
448 646 574 679 sublata
595 645 639 678 eis
659 650 689 678 et
709 655 822 678 eorum
849 643 980 677 cuilibet

234 701 345 745 quavis
363 701 456 733 aliter
476 699 653 739 iudicandi,
678 698 855 732 definiendi
876 703 907 731 et
927 697 977 729 in-

234 753 432 798 terpretandi
453 753 602 786 facultate
627 758 657 785 et
677 752 879 791 auctoritate,
904 751 978 783 ubi-

235 818 298 852 que
319 806 466 846 iudicari‚
484 806 625 845 definiri,
641 805 746 839 decidi
767 816 803 837 ac
824 805 981 848 interpre-

237 861 296 894 tari
324 861 458 901 dehere,
482 871 542 893 nec
562 870 627 893 non
654 859 679 893 si
700 870 791 893 secus
815 869 913 903 super
933 859 981 891 his

236 926 253 948 a
278 924 442 958 quoquam
473 913 584 957 quavis
610 914 820 953 auctoritate,
844 913 983 945 scienter

236 969 285 1002 vel
303 969 500 1011 ignoranter,
525 967 695 1009 contigerit
716 966 886 1007 attentari,
908 966 981 998 irri-

237 1029 304 1056 tum
324 1028 355 1056 et
374 1022 469 1055 inane
490 1021 706 1054 decernimus.

282 1075 339 1119 §Aa
356 1075 427 1108 Non
440 1075 640 1108 obstantibus
653 1073 847 1118 praemissis,
865 1085 901 1107 ac
913 1074 984 1117 qui-

236 1129 344 1162 busvis
365 1128 649 1162 constitutionibus
675 1134 705 1162 et
725 1127 983 1161 ordinationibus

237 1182 432 1227 apostolicis,
445 1193 505 1216 nee
525 1193 590 1215 non
611 1181 826 1216 Cancellariae
846 1182 982 1225 Aposto-

237 1237 319 1270 licae
336 1236 455 1279 regulis
485 1236 581 1269 etiam
614 1236 653 1269 de
681 1235 791 1278 gratiis
820 1235 860 1268 ad
885 1235 985 1273 instar

237 1301 304 1324 non
325 1291 553 1331 concedendis,
577 1301 637 1324 nee
661 1301 726 1324 non
745 1290 882 1330 statutis,
907 1289 984 1331 legi-

237 1345 298 1378 bus
327 1350 357 1378 et
386 1345 673 1378 consuetudinibus
704 1355 984 1388 quarumcumque

239 1398 403 1432 civitatum
418 1404 449 1432 et
462 1399 625 1439 locorum,
646 1398 824 1442 privilegiis
840 1409 981 1442 quoque,

239 1452 372 1485 indultis
399 1458 430 1485 et
458 1452 571 1485 litteris
597 1452 803 1496 apostolicis,
827 1453 885 1485 sub
913 1452 984 1496 qui-

239 1505 440 1549 buscumque
460 1505 627 1539 tenoribus
657 1511 687 1539 et
715 1506 890 1539 verborum
919 1507 984 1539 for-

240 1559 312 1599 mis,
325 1570 362 1592 ac
382 1559 495 1592 litteris
517 1559 549 1592 in
570 1560 769 1593 eontrarium
784 1561 892 1594 forsan
907 1570 986 1604 quo-

239 1613 419 1646 modolibet
439 1613 608 1653 concessis,
633 1615 819 1658 approbatis
839 1621 870 1649 et
894 1616 986 1649 inno-

239 1666 335 1707 vatis,
360 1666 477 1710 quibus
502 1667 674 1709 omnibus,
695 1668 791 1702 etiam
819 1669 844 1702 si
866 1670 905 1703 de
925 1671 987 1704 illis

240 1720 398 1764 specialis,
422 1720 584 1764 specifica,
601 1726 672 1762 ele„
696 1722 789 1763 foret,
806 1733 920 1756 eorum
943 1730 986 1757 te-

239 1784 347 1814 nores,
371 1784 409 1806 ac
428 1773 454 1807 si
475 1774 515 1807 de
534 1775 633 1808 verbo
654 1776 694 1808 ad
714 1776 847 1809 verbum
866 1777 911 1810 nil
932 1789 987 1821 pe-

240 1832 325 1860 nitus
355 1828 474 1861 omisso
502 1828 732 1870 insererentur,
764 1832 987 1874 praesentibus

240 1891 300 1925 pro
311 1881 467 1924 expressis
480 1881 645 1923 hahentes,
658 1882 721 1916 illis
732 1883 810 1917 alias
824 1884 855 1917 in
868 1895 925 1918 suo
936 1896 988 1919 ro-

241 1934 321 1967 bore
350 1936 588 1978 permansuris,
618 1936 678 1970 hac
706 1937 774 1971 vice
804 1938 983 1981 dumtaxat,

242 1987 424 2032 specialiter
443 1994 473 2022 et
486 2000 634 2033 expresse
655 1991 860 2034 derogamus,
878 1999 984 2026 caete-

244 2042 353 2086 risque
379 2043 548 2077 contrariis
580 2044 849 2089 quibuscumque.
877 2047 984 2088 Nulli,

245 2101 315 2139 etc„
340 2096 556 2131 incursurum.

288 2178 403 2212 Datum
416 2178 561 2219 Tusculi,
577 2189 662 2213 anno
681 2180 913 2214 incarnationis
929 2182 990 2215 Do-

247 2231 384 2265 minicae
403 2243 528 2273 MDxcv,
552 2233 646 2266 nonis
671 2233 827 2275 octobris,
854 2235 987 2278 pontifi-

248 2292 337 2320 catus
356 2287 458 2321 nostri
478 2297 562 2320 anno
587 2293 714 2332 quarto.

284 2366 343 2394 Dat.
360 2366 403 2394 die
419 2367 435 2394 7
452 2367 571 2395 octobris
593 2367 670 2402 1595,
688 2367 783 2403 pontif.
806 2375 851 2394 an.
868 2374 904 2395 lv.
921 2377 925 2379 ’

1314 265 1415 300 CXVII
1432 264 1452 297 ¹.

1013 375 1213 418 Approbatio
1234 377 1262 406 et
1283 383 1366 405 nova
1385 370 1550 404 institutio
1573 370 1757 412 Conqreqa-

1059 436 1157 469 tionis
1180 436 1379 470 Clericorum
1395 433 1617 467 saecularium
1630 433 1665 465 in
1678 442 1761 465 com-

1058 500 1154 532 muni
1176 499 1356 531 viventium
1379 497 1437 529 sub
1457 496 1660 529 invocatione
1680 495 1759 528 Bea-

1061 566 1110 594 tae
1129 561 1265 600 Mar-iae,
1282 560 1409 593 dudum
1428 560 1467 592 ab
1488 558 1678 592 Alemandro
1697 557 1762 601 epi-

1058 634 1149 667 scopo
1170 623 1301 655 Lucano
1329 622 1366 655 in
1396 632 1433 654 ea
1457 621 1587 654 civitate
1616 623 1758 660 erectae,

1059 696 1131 718 cum
1152 685 1358 718 indultorum
1378 684 1585 723 concessione,
1609 686 1638 715 et
1658 681 1762 726 sacul-

1061 752 1124 781 tate
1141 748 1212 781 alia
1231 748 1352 791 ubique
1373 746 1442 779 loca
1461 745 1652 789 recipiendi.

1216 838 1351 865 Clemens
1372 838 1449 871 Papa
1469 836 1534 864 VIII
1549 858 1556 869 ,

1142 893 1177 919 ad
1198 895 1373 926 perpetuam
1393 891 1437 917 rei
1461 889 1641 918 memoriam.

1060 964 1102 996 Ex
1123 974 1187 1007 quo
1213 963 1320 996 divina
1348 962 1492 996 Maiestas
1522 962 1562 994 ad
1594 960 1763 1005 pastoralis

1017 1017 1113 1050 officii
1134 1017 1293 1059 fastigium
1315 1027 1373 1050 nos
1394 1026 1592 1059 quamquam
1612 1014 1760 1047 immeri-

1018 1077 1065 1104 tos
1083 1071 1195 1110 evexit,
1212 1070 1276 1110 illa,
1294 1075 1451 1114 quantum
1473 1069 1505 1102 in
1526 1068 1619 1102 nobis
1636 1079 1765 1112 semper

1018 1125 1085 1164 fuit,
1105 1134 1246 1167 superno
1269 1123 1387 1156 auxilio
1409 1122 1498 1163 freti,
1532 1123 1637 1155 facere
1658 1122 1764 1155 conati

1017 1189 1127 1211 sumus
1147 1183 1182 1211 ut
1207 1176 1486 1211 confraternitates
1507 1167 1563 1209 seu
1583 1176 1762 1216 societates,

1018 1237 1073 1265 aut
1103 1231 1371 1273 congregationes
1403 1230 1531 1274 piorum
1569 1229 1762 1270 hominum,

1019 1296 1100 1329 quae
1115 1285 1155 1317 ad
1169 1284 1267 1317 divini
1286 1284 1389 1317 cultus
1404 1288 1640 1325 augumentum
1655 1288 1685 1315 et
1698 1282 1767 1315 ani-

1019 1349 1145 1371 marum
1166 1338 1301 1371 salutem
1324 1337 1487 1370 institutae
1507 1341 1590 1375 sunt,
1609 1342 1639 1368 et
1660 1336 1691 1368 in
1709 1336 1767 1369 ob-

1019 1391 1197 1425 servatione
1211 1391 1430 1424 institutorum
1443 1400 1575 1423 suorum
1587 1389 1638 1433 pie
1650 1395 1681 1423 et
1693 1389 1766 1422 reli-

1019 1445 1107 1488 giose
1119 1445 1305 1489 persistunt,
1317 1444 1417 1486 magis
1432 1443 1576 1487 quotidie
1591 1443 1622 1476 in
1638 1444 1691 1476 illo
1705 1454 1763 1476 suo

1020 1499 1073 1542 pio
1099 1504 1129 1531 et
1149 1503 1259 1531 saneto
1280 1497 1447 1541 proposito
1469 1497 1751 1530 confirmarentur.

1659 203 1723 237 227
1771 211 1820 238 An.
1843 211 1871 238 c.
1892 211 1960 239 1595

1805 967 1947 988 Prooemium.

1065 1553 1081 1594 ἓ
1103 1554 1134 1585 t.
1154 1552 1232 1585 Cum
1254 1551 1377 1594 itaque,
1394 1551 1474 1583 sieut
1492 1550 1687 1594 accepimus,
1708 1561 1763 1583 ve-
1796 1554 1914 1575 Alexander
1924 1554 1968 1580 eri-

1783 1587 1859 1607 scopus
1869 1582 1968 1602 Lucanus

1020 1605 1173 1638 nerabilis
1190 1605 1287 1637 frater
1307 1604 1498 1644 Alexander,
1509 1604 1680 1648 episcopus
1706 1605 1767 1637 Lu·
1784 1608 1809 1655 ge
1820 1615 1854 1646 {⁰-
1866 1613 1969 1644 mmm

1799 1641 1837 1656 ant
1856 1640 1969 1660 congrega-

1021 1671 1129 1700 canus,
1142 1659 1332 1692 iamdudum
1344 1658 1637 1691 confraternitatem
1651 1669 1707 1691 seu
1719 1669 1770 1691 so·
1783 1662 1862 1682 tionem
1873 1662 1969 1683 instituit·

1021 1714 1168 1747 eietatem
1190 1718 1244 1746 aut
1268 1711 1552 1755 congregationem
1573 1711 1787 1744 Clericorum›

1021 1766 1234 1801 saecularium
1253 1772 1283 1799 et
1307 1766 1465 1798 laicorum
1487 1765 1519 1798 in
1541 1765 1707 1798 communi
1726 1764 1771 1797 vi-

1021 1820 1180 1861 ventium,
1201 1819 1260 1852 sub
1281 1818 1484 1852 invocatione
1505 1824 1535 1852 et
1553 1818 1668 1851 vexillo
1689 1818 1768 1851 bea-

1024 1881 1072 1907 tae
1093 1880 1123 1907 et
1143 1873 1302 1916 gloriosae
1324 1883 1516 1916 semperque
1544 1871 1683 1914 Virginis
1707 1873 1772 1905 Ma-

1023 1929 1104 1969 riae,
1135 1928 1167 1961 in
1195 1928 1331 1962 ecclesia
1360 1927 1495 1961 Sanctae
1526 1927 1642 1960 Mariae
1673 1926 1773 1959 curtis

1021 1983 1270 2025 Orlandigorum
1291 1981 1486 2015 Lucanensis
1507 1980 1655 2021 erexerit,
1673 1991 1711 2013 ac
1725 1980 1772 2013 di-

1023 2042 1092 2070 ctae
1119 2036 1392 2069 confraternitatis
1424 2046 1481 2068 seu
1510 2033 1772 2077 congregationis

1023 2090 1259 2131 confratribus,
1287 2095 1323 2123 ut
1342 2099 1443 2122 unum
1470 2099 1506 2122 ex
1528 2088 1592 2128 eis,
1621 2088 1675 2131 qui
1701 2087 1772 2121 aliis

1023 2149 1195 2188 praeesset,
1220 2154 1256 2176 ac
1282 2153 1391 2176 rerum
1422 2147 1454 2175 et
1479 2142 1641 2175 bonorum
1673 2140 1772 2184 ipsius

1024 2196 1294 2231 confraternitatis
1318 2207 1374 2229 seu
1388 2194 1647 2238 congregationis
1661 2204 1772 2227 curam

1025 2256 1055 2284 et
1072 2249 1387 2283 administrationem
1408 2254 1550 2292 gereret,
1575 2247 1692 2291 cuique
1712 2247 1772 2291 ipsi

1025 2304 1201 2337 confratres
1222 2314 1337 2347 parere
1358 2308 1556 2342 tenerentur,
1581 2302 1712 2344 eligere,
1736 2312 1773 2335 ac

1026 2357 1270 2390 constitutiones
1287 2367 1345 2400 per
1361 2366 1435 2389 eum
1456 2355 1684 2399 approbandas
1698 2365 1774 2387 con-

1026 2411 1101 2443 dere
1113 2415 1253 2453 possent,
1265 2409 1448 2442 facultatem
1459 2407 1664 2447 concesserit,
1677 2413 1774 2451 prout

1025 2463 1057 2496 in
1075 2462 1260 2507 patentibus
1277 2462 1391 2495 litteris
1409 2461 1507 2506 ipsius
1521 2461 1693 2495 Alexandri
1708 2460 1775 2505 epi-

1079 2544 1088 2570 1
1121 2543 1195 2581 Haec
1225 2542 1379 2569 constitutio
1403 2541 1430 2568 in
1454 2541 1624 2577 Appendice·
1646 2549 1774 2568 romanae

1025 2588 1149 2615 editionis
1172 2587 1307 2624 reperitur
1326 2587 1376 2614 sub
1392 2595 1505 2614 numero
1524 2592 1637 2619 ceetrxx;
1654 2594 1702 2612 nos
1722 2585 1775 2612 huc

1026 2633 1224 2668 transtulimus,
1244 2636 1350 2660 servato
1372 2631 1503 2668 temporis
1522 2631 1626 2659 ordine.
1674 2629 1755 2667 (ηπ.)
