2253 3195
239 235 307 262 an.
328 235 356 263 c.
375 236 442 264 ¹597
488 227 552 262 366

296 544 394 577 Facinus
404 556 441 576 Ca-

257 583 323 609 pitulo
333 583 441 608 praeposi-

257 612 301 630 tum
315 609 419 635 eligendi;

289 2525 407 2546 mauman.

456 286 572 326 levare,
595 296 632 319 ae
653 286 684 318 in
705 295 780 319 suos
799 291 831 319 et
847 286 952 319 dictae
975 296 1105 320 mensae
1125 297 1201 320 usus

456 344 489 372 et
508 339 679 372 utilitatem
701 344 898 379 convertere,
915 339 1107 372 auctoritate
1124 350 1201 383 apo-

456 393 578 432 stolica,
604 398 715 425 tenore
734 392 964 435 praesentium,
988 393 1128 434 unimus,
1145 404 1200 426 an-

456 446 616 479 nectimus
635 452 667 478 et
686 446 944 489 incorporamus.

501 501 518 540 g
544 498 574 531 3.
607 499 778 532 Praeterea
808 499 952 543 Capitulo
977 505 1008 533 et
1037 500 1200 534 canonicis

457 551 627 594 praedictis
655 552 704 585 ius
730 563 787 586 seu
807 553 1073 586 consuetudinem
1100 564 1196 597 prae-

455 604 596 647 positum
614 604 757 638 eiusdem
783 606 954 646 eeclesiae,
977 607 1200 650 quandocum-

456 668 518 700 que
549 657 667 690 dictam
698 659 979 702 praeposituram,
1014 660 1199 703 praemissis

455 716 508 742 aut
536 710 608 743 aliis
639 711 899 756 quibuscumque
928 713 1054 753 modis,
1086 723 1198 746 vacare

455 763 641 806 eontigerit,
665 765 705 797 de
727 764 869 808 ipsorum
890 766 1014 808 gremio
1038 767 1195 809 eligendi,

455 822 613 860 quatenus
632 817 678 850 eis
698 823 871 862 competat,
887 819 1078 853 auctoritate
1098 825 1129 853 et
1147 826 1195 853 te-

455 880 534 903 nore
561 871 751 914 praedictis,
783 878 941 916 perpetuo
967 873 1199 907 confirmamus

455 929 486 956 et
506 924 740 967 approbamus;
763 931 794 958 et
816 925 1027 959 nihilominus
1040 933 1199 970 quatenus

454 976 635 1020 Capitulum
646 983 677 1009 et
687 977 834 1010 canonici
846 978 1002 1021 praedicti
1013 979 1137 1011 nullum
1150 979 1200 1011 ius

455 1035 511 1062 aut
530 1029 796 1063 consuetudinem
827 1030 967 1071 eligendi
999 1032 1198 1075 praedictum

455 1083 674 1126 praepositum
707 1083 850 1125 legitime
879 1083 1029 1124 habeant,
1060 1085 1122 1118 illis
1152 1085 1200 1118 ius

454 1136 695 1179 praepositum,
723 1136 763 1169 de
783 1136 908 1179 gremio
931 1142 1037 1170 tamen
1065 1138 1199 1182 Capituli

455 1188 662 1227 huiusmodi,
690 1189 842 1222 idoneum
872 1196 903 1222 et
934 1190 1128 1223 catholicum
1160 1192 1200 1225 ad

454 1242 710 1285 praeposituram
721 1243 918 1285 praedictam
929 1244 1200 1288 quandocumque

455 1301 486 1328 et
505 1295 827 1339 quomodocumque,
849 1302 1074 1340 praeterquam
1098 1297 1197 1330 infra-

455 1348 574 1392 scripto
590 1348 698 1387 modo,
720 1354 749 1380 et
767 1349 1036 1392 quotiescumque
1049 1361 1107 1393 pro
1120 1356 1201 1383 tem-

456 1412 534 1445 pore
555 1400 722 1441 vacaverit,
746 1401 884 1443 eligendi
906 1408 1063 1445 perpetuo
1080 1403 1203 1446 pariter

456 1454 664 1487 concedimus
685 1460 712 1487 et
737 1454 918 1487 tribuimus.

502 1507 569 1549 §la
594 1507 749 1545 Volumus
775 1514 881 1540 tamen
897 1535 904 1547 ‚
936 1514 970 1541 ut
1001 1509 1203 1552 praepositus

403 1580 427 1594 ,ω
458 1571 518 1604 pro
539 1567 684 1605 tempore
697 1562 819 1594 electus
836 1561 1033 1602 huiusmodi,
1051 1562 1133 1595 intra
1150 1574 1203 1596 sex

390 1608 442 1646 -.‚.¹·'I
459 1625 584 1647 menses
604 1624 622 1646 a
641 1614 692 1647 die
713 1625 788 1647 suae
813 1615 979 1648 electionis
1005 1622 1199 1659 computan-

341 1686 387 1699 ...η
403 1661 442 1699 :Af
459 1669 533 1707 dos,
566 1669 808 1713 praepositurae
836 1670 1020 1713 praedictae
1045 1671 1203 1714 provisio—

458 1733 531 1755 nem
552 1734 570 1755 a
587 1722 668 1756 Sede
682 1723 866 1766 Apostolica
885 1723 1057 1767 impetrare
1070 1725 1203 1758 omnino

459 1781 619 1814 tencatur3
643 1775 807 1819 alioquin,
832 1776 925 1809 dictis
954 1788 1005 1809 sex
1039 1777 1203 1811 mensibus

458 1829 595 1872 elapsis,
620 1829 735 1862 electio
767 1829 932 1873 praedicta
962 1831 1051 1863 nulla
1078 1831 1139 1868 sit,
1167 1842 1203 1863 ac

458 1882 571 1915 eadem
601 1882 823 1926 praepositura
848 1890 937 1916 vacet
957 1893 995 1916 eo
1024 1884 1104 1927 ipso,
1129 1894 1202 1928 pos-

457 1935 562 1979 sitque
574 1935 613 1968 de
627 1946 664 1968 ea
681 1946 738 1979 per
749 1936 863 1969 Sedem
879 1936 1096 1979 Apostolicam
1111 1938 1204 1970 ‹lum-

459 1995 539 2022 taxat
564 1989 664 2022 libere
685 1989 824 2033 disponi,
840 1989 898 2022 nisi
918 1991 1122 2033 praepositus
1137 1991 1202 2023 ele-

458 2049 527 2076 ctus
563 2044 765 2082 huiusmodi,
797 2044 940 2086 legitimo
972 2044 1203 2088 impedimento

459 2097 626 2137 detentus,
668 2097 707 2130 dc
743 2097 927 2130 lmiusmodi
970 2097 1203 2141 impedimento

460 2157 568 2184 nostro
587 2157 617 2185 et
639 2151 771 2184 llomani
794 2150 957 2183 Pontificis
977 2161 1036 2194 pro
1058 2157 1203 2195 tempore

459 2204 621 2237 ‹·xist‹÷ntis
657 2204 782 2237 ‹latario
811 2209 959 2236 constare
991 2204 1120 2243 fecerit,
1150 2210 1203 2237 aut

461 2257 518 2300 ipsi
541 2257 660 2301 petenti
693 2257 908 2301 provisionem
942 2257 1145 2296 huiusmodi,
1173 2263 1201 2290 et

460 2322 569 2343 ‹zorzmi
602 2311 688 2344 dicto
719 2310 843 2343 ‹latario
878 2311 1087 2354 protestanti,
1117 2311 1204 2354 quod

462 2377 518 2408 per
538 2375 610 2397 eum
638 2375 701 2397 neu
728 2370 810 2404 stet,
833 2363 1003 2406 contigerit
1030 2364 1116 2397 illam
1143 2364 1202 2397 sibi

461 2418 626 2457 ‹tvnc-uari.

506 2473 522 2510 5
541 2471 570 2504 5.
596 2471 808 2504 lies-eruentes
829 2475 1012 2514 praesentes
1033 2470 1153 2503 litteras
1166 2470 1205 2503 de

463 2524 624 2556 nullitate<
646 2524 734 2563 vitio,
762 2530 812 2557 aut
841 2523 1029 2556 intentionis
1053 2529 1202 2562 nostrae,

464 2578 509 2609 vel
532 2578 595 2610 alio
616 2588 821 2620 ‹ptovtnnque
839 2577 975 2615 ‹lt-serta,
993 2577 1088 2609 etiam
1103 2587 1139 2609 cx
1153 2586 1203 2616 eo,

464 2631 549 2674 quod
572 2630 673 2662 ‹lit-tus
686 2630 898 2674 praepositus,
915 2635 970 2663 aut
987 2629 1039 2662 alii
1060 2629 1207 2673 quicum-

1040 239 1224 263 BULLARIUM
1244 239 1398 263 ROMANUM

1235 297 1299 330 que
1319 286 1472 320 interesse
1498 287 1653 321 habentes
1682 289 1785 333 vocati
1815 295 1844 323 et
1875 289 1974 323 auditi

1234 350 1299 373 non
1324 340 1454 380 suerint,
1468 341 1583 381 notari,
1599 341 1762 384 redargui,
1777 342 1972 386 impugnari,

1234 393 1266 426 in
1287 394 1336 427 ius
1355 394 1404 426 vel
1421 394 1671 427 controversiam
1689 395 1808 436 vocari,
1823 401 1879 428 aut
1897 406 1975 429 con-

1235 452 1282 479 tra
1302 446 1372 479 illas
1392 446 1525 490 aliquod
1545 447 1668 489 gratiae
1688 447 1737 480 vel
1765 447 1905 481 iustitiae
1924 459 1976 482 re-

1233 499 1376 532 medium
1398 499 1576 543 impetrari,
1602 500 1651 533 vel
1671 499 1749 533 alias
1772 491 1977 544 quomodoli-

1233 553 1286 586 bet
1316 553 1466 596 infringi,
1494 553 1663 597 suspendi,
1693 553 1847 594 limitari‚
1870 560 1974 588 retra-

1233 606 1310 639 ctari
1326 633 1333 645 ,
1356 607 1405 639 vel
1428 607 1570 640 revocari
1591 607 1775 640 nullatenus
1791 617 1902 651 posse,
1921 608 1978 641 sed

1232 670 1362 704 semper
1380 660 1500 694 validas
1525 666 1555 694 et
1578 661 1723 694 efficaces
1743 661 1811 694 sore
1831 667 1862 694 et
1881 672 1951 694 esse
1966 689 1974 702 ‚

1233 723 1372 756 suosque
1389 714 1552 757 plenarios
1564 719 1595 747 et
1607 714 1750 757 integros
1763 714 1895 748 effectus
1907 724 1976 747 sor-

1235 765 1287 798 tiri
1307 771 1338 798 et
1357 766 1524 806 obtinere:
1547 767 1658 810 sicque
1677 777 1736 810 per
1755 777 1979 811 quoscumque

1233 818 1355 852 iudices
1384 819 1567 852 ordinarios
1598 825 1629 852 et
1664 820 1848 862 delegatos,
1882 820 1978 853 etiam

1233 882 1402 905 causarum
1423 872 1533 915 palatii
1551 872 1719 916 apostolici
1739 872 1913 913 auditores,
1924 884 1978 907 su-

1233 925 1319 958 blata
1339 925 1384 958 eis
1404 930 1436 958 et
1458 935 1572 958 eorum
1599 925 1732 959 cuilibet
1751 925 1861 969 quavis
1887 926 1980 960 aliter

1234 977 1399 1011 iudicandi
1420 983 1448 1010 et
1471 977 1705 1021 interpretandi
1717 978 1865 1012 facultate
1877 984 1909 1012 et
1921 989 1978 1012 au-

1234 1031 1393 1070 ctoritate‚
1422 1031 1556 1064 iudicari
1578 1037 1609 1064 et
1633 1031 1761 1064 definiri
1789 1031 1919 1073 debere,
1942 1043 1980 1066 ac

1234 1083 1360 1117 irritum
1374 1089 1402 1117 et
1419 1084 1512 1116 inane
1533 1084 1691 1128 quidquid
1709 1094 1801 1118 secus
1820 1095 1917 1128 super
1930 1085 1979 1118 his

1234 1148 1251 1169 a
1271 1147 1456 1180 quoquam,
1480 1137 1591 1180 quavis
1611 1137 1817 1177 auctoritate,
1840 1137 1980 1171 scienter

1234 1191 1282 1223 vet
1304 1191 1503 1231 ignoranter,
1526 1191 1695 1233 eontigerit
1718 1191 1879 1224 attentari.

1280 1245 1296 1286 ξ
1317 1243 1347 1276 6.
1369 1243 1525 1282 Quocirca
1550 1243 1674 1277 dilectis
1704 1243 1778 1276 filiis
1809 1254 1979 1277 causarum

1947 1297 1953 1302 ,
1993 1279 2068 1300 harum
2099 1278 2180 1305 linerat
2231 1285 2235 1288 ”

1234 1297 1385 1331 Gamerae
1415 1297 1619 1340 ill)ostolieae
1647 1297 1790 1339 generali
1815 1297 1975 1338 auditori,

1236 1356 1264 1384 et
1298 1350 1629 1384 llildesheimensibus
1655 1361 1692 1383 ac
1715 1350 1977 1384 Padebornensi-

1237 1404 1295 1436 bus
1325 1403 1537 1443 officialibus,
1561 1409 1593 1436 et
1617 1413 1729 1436 corum
1761 1403 1893 1436 cuilibet
1923 1413 1982 1447 per

1237 1462 1420 1500 praesentes
1451 1456 1684 1489 committimus
1708 1461 1740 1489 et
1767 1456 1978 1498 mandamus,

1237 1515 1396 1553 quatenus
1416 1509 1487 1553 ipsi,
1510 1509 1559 1543 vel
1580 1509 1644 1543 duo
1669 1515 1724 1542 aut
1758 1519 1842 1543 unus
1866 1520 1980 1543 eorum

1238 1574 1350 1607 perse,
1367 1564 1415 1596 rel
1428 1564 1527 1596 alium
1547 1574 1604 1597 seu
1621 1564 1712 1604 alios,
1728 1563 1782 1597 uhi
1801 1569 1832 1597 et
1851 1565 1982 1607 quando

1237 1627 1319 1660 opus
1337 1617 1443 1657 fuerit,
1460 1622 1488 1650 et
1503 1617 1628 1660 quoties
1647 1627 1707 1661 pro
1727 1622 1818 1660 parte
1838 1623 1902 1650 tam
1916 1617 1983 1661 epi-

1238 1670 1326 1713 scopi
1341 1680 1439 1713 quam
1453 1669 1589 1713 Capituli
1606 1669 1847 1714 praedictorum
1862 1670 1983 1703 suerint

1239 1723 1394 1767 requisiti,
1412 1730 1597 1767 praesentes
1615 1723 1736 1756 litteras
1749 1723 1825 1756 etin
1844 1723 1889 1756 eis
1906 1733 1983 1756 con-

1239 1783 1323 1810 tenta
1338 1786 1562 1820 quaecumque
1573 1776 1760 1809 solemniter
1769 1776 1981 1820 publicantes,

1238 1830 1347 1873 eisque
1368 1830 1399 1862 iu
1420 1829 1605 1873 praemissis
1625 1829 1764 1862 efficacis
1788 1828 1984 1862 defensionis

1238 1882 1399 1927 praesidio
1419 1882 1618 1922 assistentes,
1643 1882 1770 1922 saciant,
1794 1881 1983 1915 auctoritate

1238 1941 1346 1969 nostra
1368 1935 1439 1968 illos
1459 1935 1711 1979 praemissorum
1730 1935 1920 1968 eorumdem
1938 1935 1984 1968 el'-

1239 1989 1334 2028 l'ectu,
1351 1994 1448 2032 prout
1467 1988 1507 2021 ad
1527 1988 1705 2032 quemlibet
1729 1997 1841 2021 eorum
1862 1993 1985 2032 spectat

1239 2041 1371 2086 pacifice
1392 2041 1451 2074 srui
1473 2047 1504 2074 et
1525 2042 1678 2083 gaudere,
1702 2051 1766 2074 non
1787 2040 1981 2085 permitten-

1239 2102 1284 2129 tes
1304 2106 1359 2129 eos
1389 2095 1528 2139 desuper
1547 2107 1564 2128 a
1585 2105 1750 2139 quoquam
1763 2122 1770 2135 ,
1794 2094 1906 2139 quavis
1925 2105 1984 2128 au-

1238 2149 1401 2188 ctoritate,
1432 2148 1676 2192 quomodolibet
1709 2147 1852 2181 indebite
1877 2147 1981 2181 mole-

1237 2202 1332 2237 stari:
1367 2201 1620 2234 contradictores
1655 2200 1817 2245 quoslibet
1830 2227 1838 2240 ,
1873 2200 1983 2244 eisque

1238 2255 1415 2300 auxilium,
1439 2254 1629 2294 consilium,
1656 2254 1703 2286 vel
1725 2254 1865 2287 savorem
1895 2263 1980 2297 quo-

1239 2308 1414 2342 modolibet
1449 2313 1647 2351 praestantes
1683 2317 1740 2351 per
1769 2316 1922 2340 censuras
1953 2312 1985 2340 et

1239 2372 1359 2406 poenas
1379 2361 1623 2401 ecclesiasticas,
1651 2360 1777 2404 aliaque
1803 2365 1984 2404 opportuna
2032 2370 2039 2379 ·

1241 2416 1317 2450 iuris
1330 2421 1360 2449 et
1373 2415 1444 2449 tacti
1459 2415 1612 2454 remedia,
1625 2414 1841 2459 appellatione
1853 2419 1984 2459 postpo-

1239 2469 1310 2509 sita,
1327 2468 1575 2512 compescendo,
1588 2468 1736 2501 invocato
1747 2466 1842 2500 etiam
1855 2467 1894 2500 ad
1908 2467 1980 2507 hoe,

1240 2523 1264 2555 si
1283 2533 1364 2566 opus
1385 2521 1491 2562 suerit,
1512 2520 1631 2554 auxilio
1652 2519 1775 2553 brachii
1797 2519 1980 2561 saecularis.

1285 2576 1300 2618 §
1321 2575 1351 2608 7.
1376 2575 1443 2608 Non
1465 2572 1872 2618 obstantibuspraemissis,
1887 2582 1924 2605 ac
1937 2572 1982 2605 se-

1242 2628 1310 2661 licis
1339 2627 1571 2661 recordationis
1592 2626 1745 2661 Bonisacii
1771 2626 1875 2669 Papae
1895 2624 1979 2665 Vlll,

1988 238 2038 268 An.
2059 241 2086 269 C.
2104 241 2172 271 159⁷
2185 248 2194 254 ”

2033 1251 2179 1279 Exequutoru
2197 1252 2201 1253 ⁷

1994 1311 2040 1326 rum
2055 1305 2157 1331 deputati.

2011 2571 2127 2599 Dorou-tto
2134 2574 2174 2592 eon

1997 2600 2117 2621 turturum.
