2253 3195
265 253 314 280 An.
333 253 362 282 C.
381 253 444 281 1601

292 1636 411 1659 Clausul‘ae⁴

308 2219 399 2246 '’t-'luff-tl
413 2221 449 2241 nb-

268 2248 377 2267 danubem

495 244 558 277 734

465 303 582 336 harum
595 299 691 341 serie,
712 299 916 333 decernimus
936 304 967 331 et
990 299 1201 339 declaramus,

466 365 521 388 eos
541 354 637 387 etiam
658 363 772 386 census
792 352 825 385 in
846 351 972 385 civitate
991 350 1204 384 Ianuensiha-

466 414 577 442 ctenus
601 406 813 447 constitutos,
837 411 868 438 et
896 405 1048 448 deinceps
1079 404 1111 437 in
1131 414 1204 448 per-

464 467 598 505 petuum
618 459 872 499 constituendos,
893 458 925 490 in
945 457 1062 501 quihus
1081 457 1114 490 in
1131 463 1204 491 actu

465 512 690 547 celebrationis
718 510 923 545 instrumenti
954 510 1071 544 solutio
1107 510 1202 543 etiam

463 577 522 610 per
531 565 720 599 cartularios
730 565 769 598 de
780 559 950 598 numerato
959 563 1065 597 Sancti
1074 563 1202 606 Georgii

465 619 579 652 eodem
601 624 748 662 tempore
773 617 1000 650 celebrationis
1020 621 1204 651 contractus

464 671 595 705 realiter
611 672 694 704 sacta
710 681 777 704 non
800 670 907 711 fuerit,
929 670 986 704 sed
1001 679 1122 714 paucos
1135 665 1202 702 dies

463 731 536 769 post
571 725 674 768 ipsam
711 724 916 757 instrumenti
952 722 1201 756 celebrationem

463 777 582 812 solutio
602 777 699 821 pretii
719 777 752 809 in
772 775 953 810 cartulariis
973 776 1202 809 denumerato

463 831 570 865 Sancti
583 831 712 873 Georgii
732 830 796 863 iam
818 830 899 863 sacta
911 829 980 870 suit,
990 829 1037 862 vel
1052 829 1202 872 deinceps

464 885 560 918 etiam
580 890 652 929 post
673 894 793 928 paucos
821 883 888 917 dies
908 882 978 916 fieri
1011 882 1199 925 contigerit,

464 938 586 972 validos
605 937 718 978 fuisse,
739 947 806 971 esse
827 943 857 970 et
885 936 966 977 sore,
990 936 1202 980 eamdemque

465 991 527 1024 vim
549 997 578 1024 et
598 991 699 1025 robur
718 990 839 1024 habere
859 990 891 1022 in
912 989 1062 1023 omnibus
1090 995 1121 1022 et
1146 1000 1204 1032 per

463 1044 572 1077 omnia
588 1044 724 1088 perinde
743 1054 779 1077 ac
799 1043 824 1077 si
841 1040 959 1076 solutio
978 1042 1073 1086 pretii
1094 1042 1204 1075 buius-

464 1097 553 1130 modi
573 1097 606 1130 in
631 1097 812 1131 cartulariis
837 1097 876 1130 de
896 1101 1065 1129 numerato
1096 1095 1202 1128 Sancti

463 1150 591 1194 Georgii
613 1142 648 1184 in
667 1151 735 1195 ipso
753 1156 825 1184 actu
846 1146 1070 1184 celebrationis
1085 1148 1203 1182 instru-

465 1205 566 1238 menti
580 1204 765 1250 huiusmodi
775 1214 848 1237 cum
858 1203 972 1237 effectu
987 1203 1068 1236 sacta
1083 1202 1200 1243 suisset,

465 1259 644 1292 dummodo
679 1258 711 1291 in
735 1257 868 1301 reliquis
902 1258 1004 1290 forma
1044 1256 1202 1289 constitu--

465 1311 561 1344 tionis
580 1310 627 1344 Pii
640 1310 663 1343 V
684 1310 941 1354 praedecessoris
957 1315 1081 1343 servata
1096 1309 1202 1350 suerit,

465 1370 496 1398 et
515 1369 686 1411 propterea
707 1364 745 1397 de
766 1363 912 1397 nullitate
933 1368 988 1396 aut
1008 1362 1204 1396 invaliditate

467 1417 626 1451 dictorum
645 1427 799 1450 censuum
819 1427 837 1449 a
865 1426 1029 1460 quoquam
1059 1415 1203 1459 opponi,

466 1477 519 1504 aut
539 1471 578 1504 ad
596 1470 726 1504 illorum
741 1469 963 1503 rescissionem
983 1468 1116 1512 procedi
1135 1469 1204 1502 nul-

466 1524 590 1558 latenus
610 1517 714 1568 posse.

511 1580 527 1620 ξ
549 1576 578 1610 5.
603 1577 718 1621 Sicque
735 1586 794 1620 per
811 1586 924 1610 omnes
941 1582 970 1609 et
984 1585 1206 1620 quoscumque

467 1630 589 1664 iudices
609 1636 640 1663 et
659 1629 898 1663 commissarios
927 1628 1038 1673 quavis
1062 1629 1204 1662 auctori-

467 1688 530 1716 tate
551 1684 718 1725 fungentes
733 1709 740 1722 ‚
773 1682 868 1715 etiam
890 1692 1060 1715 causarum
1092 1681 1204 1714 Palatii

465 1735 638 1780 Apostolici
663 1735 841 1775 auditores,
873 1740 903 1769 et
923 1734 953 1769 S.
978 1735 1013 1768 R.
1036 1735 1069 1768 Ε.
1094 1735 1201 1768 cardi-

464 1789 564 1829 nales,
587 1788 713 1822 sublata
732 1788 776 1821 eis
796 1794 824 1822 ct
847 1798 958 1822 eorum
981 1787 1113 1821 cuilibet
1127 1798 1205 1832 qua-

465 1843 510 1876 ris
527 1842 620 1876 aliter
641 1841 803 1875 iudicandi
825 1848 855 1875 ct
885 1841 1120 1885 interpretandi
1154 1842 1202 1874 sa—

464 1895 581 1928 cultate
601 1901 632 1928 ct
653 1894 855 1935 auctoritate,
873 1894 1008 1928 iudicari
1026 1900 1055 1927 ct
1076 1894 1204 1928 definiri

466 1949 584 1982 debere
600 1976 607 1989 ,
631 1959 665 1981 ac
692 1948 818 1981 irritum
845 1954 875 1981 et
907 1948 1023 1984 inane.
1047 1948 1204 1992 quidquid

463 2012 554 2035 secus
571 2012 667 2046 super
683 2001 732 2035 bis
745 2013 763 2034 a
777 2012 953 2046 quoquam,
966 2001 1076 2045 quavis
1089 2007 1202 2035 aucto-

464 2055 568 2095 ritate,
585 2055 723 2088 scienter
743 2055 790 2088 vel
811 2055 1012 2098 ignoranter,
1036 2055 1206 2097 contigerit

464 2108 612 2142 attentari
634 2108 848 2142 decernimus.
872 2132 876 2136 »

510 2164 526 2204 5
551 2161 581 2194 G.
616 2162 684 2195 Nou
716 2161 918 2195 obstantibus
947 2161 1145 2205 praemissis,
1169 2174 1204 2195 ac

466 2215 630 2259 quibusvis
650 2214 936 2249 constitutioniluis
967 2220 994 2248 et
1024 2215 1201 2249 ordinatio-

466 2268 559 2301 nibus
580 2267 774 2312 apostolicis‚
796 2278 854 2301 ner
876 2278 939 2301 nou
961 2268 1112 2301 onuiibus
1130 2268 1201 2309 illis,

465 2332 548 2365 quae
570 2321 654 2354 iden·
668 2321 1082 2365 Gregoriuspraedecessor
1095 2321 1126 2355 iu
1139 2322 1205 2355 suis

466 2375 578 2408 tium-is
610 2375 706 2409 voluit
731 2386 795 2408 non
822 2375 972 2414 obstare,
1007 2375 1204 2420 caeterisque

466 2428 634 2461 rontrariis
655 2428 924 2473 ‹piibuscuniqu‹·.

509 2481 621 2514 ltatunt
641 2481 761 2514 ltmnae
784 2482 869 2525 apud
889 2482 1041 2515 Sanctum
1064 2481 1203 2515 Marcum

465 2533 523 2565 >uti
544 2534 662 2567 anitulo
677 2534 856 2573 l'isratoris,
873 2534 924 2567 die
945 2545 1001 2569 xttt
1016 2541 1095 2579 sept.
1113 2544 1200 2575 tinet,

466 2586 669 2630 poutiticatus
695 2587 794 2620 nostri
815 2598 899 2621 anuo
920 2599 948 2622 x.

502 2647 558 2675 bnt.
576 2647 619 2675 die
643 2650 672 2675 15⁵
687 2649 834 2685 septembr.
854 2651 929 2684 1601,
951 2653 1026 2685 pont.
1042 2658 1085 2677 au.
1107 2658 1130 2677 a.

1043 250 1226 274 BULLARIUM
1245 250 1398 274 ROMANUM

1521 297 1693 332 CCLXVIlI.

1238 403 1411 437 Restitutio
1435 403 1716 447 iurispatronatus
1739 404 1782 436 acl
1802 405 1978 448 prae-posi-

1283 469 1392 498 turam
1413 465 1573 498 Ecclesiae
1593 465 1850 498 Tridentinensis
1869 466 1978 508 favore

1279 527 1449 571 Rodulphi
1461 528 1668 570 imperatoris
1689 531 1858 571 tamquam
1874 528 1978 561 Tiroli

1280 591 1426 630 comitis,
1461 591 1594 634 eiusque
1621 591 1657 623 in
1681 591 1790 624 eodem
1820 581 1977 625 comitatu

1280 663 1460 685 successoru
1465 663 1499 685 m
1510 653 1530 685 ¹.

1260 752 1393 779 Clemens
1409 751 1580 785 episcopus,
1592 758 1700 779 servus
1717 758 1874 792 soryorum
1889 751 1951 784 nei,

1365 805 1402 832 ad
1416 808 1588 839 perpetuam
1603 804 1647 832 rei
1662 805 1844 833 memoriam.

1280 885 1382 928 Exigit
1393 885 1486 918 nobis
1508 884 1687 918 iniunctum
1700 885 1896 928 apostolieae
1910 895 1977 918 ser·

1236 938 1344 971 vitutis
1369 938 1510 971 officium
1539 943 1575 970 ut
1599 948 1653 978 ea,
1677 947 1760 981 quae
1784 947 1802 970 a
1821 936 1976 971 Romanis

1236 990 1445 1025 Pontificibus
1458 1018 1465 1031 ,
1492 990 1800 1035 praedecessoribus
1834 990 1952 1024 nostris
1965 1017 1974 1032 ,

1238 1045 1446 1079 nobilissimis
1476 1044 1698 1088 principibus,
1722 1054 1758 1078 ae
1784 1043 1976 1088 praesertim

1238 1099 1277 1132 de
1296 1099 1357 1131 hac
1380 1098 1411 1132 S.
1441 1098 1522 1131 Sede
1550 1097 1770 1139 benemeritis,
1795 1103 1868 1131 sunt
1894 1107 1975 1131 con-

1238 1163 1335 1192 cessa,
1364 1162 1512 1196 quaeque
1536 1151 1577 1184 ob
1598 1151 1820 1185 conditionum
1846 1151 1878 1184 in
1902 1160 1978 1184 con-

1238 1206 1436 1240 cessionibus
1466 1200 1652 1240 buiu'smodi
1682 1205 1901 1250 appositarum
1922 1204 1974 1238 in-

1239 1259 1473 1293 observantiam
1498 1258 1638 1293 invalida
1653 1264 1683 1292 et
1703 1258 1791 1291 nulla
1811 1263 1885 1291 sunt
1898 1258 1974 1291 red-

1239 1312 1314 1353 dita,
1338 1323 1410 1345 cum
1435 1311 1555 1345 eisdem
1584 1310 1823 1344 conditionibus
1854 1310 1886 1343 in
1912 1309 1978 1354 pri-

1238 1366 1357 1399 stinum
1385 1365 1569 1406 restituere,
1601 1374 1703 1408 eaque
1728 1364 1767 1397 de
1798 1373 1880 1397 novo
1898 1373 1976 1398 eon·
2025 1379 2032 1384 ·

1239 1419 1372 1459 cedere,
1403 1423 1501 1462 prout
1529 1417 1762 1451 catholicorum
1791 1416 1976 1461 principum

1239 1478 1311 1506 vota
1324 1476 1511 1516 exposcunt,
1528 1481 1565 1504 ac
1578 1477 1636 1504 nos
1650 1470 1681 1503 in
1701 1469 1838 1504 Domino
1856 1469 1888 1504 id
1901 1479 1976 1504 con-

1239 1525 1393 1570 spicimus
1411 1524 1584 1558 salubriter
1605 1523 1764 1568 expedire.

1284 1580 1300 1621 ἕ
1322 1578 1351 1611 t.
1375 1578 1502 1611 Dudum
1522 1577 1682 1620 siquidem
1704 1575 1803 1609 felicis
1823 1575 1975 1609 recorda-

1241 1631 1335 1665 tionis
1360 1631 1458 1665 l‘aulo
1478 1630 1582 1674 Papae
1601 1630 1638 1670 ll,
1662 1628 1902 1674 praedecessori
1915 1638 1975 1662 no·
1989 1638 2015 1660 u-
2028 1637 2082 1660 comt
2107 1663 2115 1668 ⁴,

1239 1691 1304 1718 stro
1318 1711 1325 1723 ‚
1356 1694 1415 1728 pro
1450 1688 1541 1727 parte
1561 1683 1666 1716 clarae
1684 1681 1858 1715 memoriae
1877 1681 1975 1724 Sigis-
1989 1670 2032 1713 332
2041 1670 2110 1713 *⁸2⁰

1241 1737 1352 1770 mundi
1371 1736 1461 1770 ducis
1471 1735 1616 1769 Austriae
1636 1735 1789 1779 exposito,
1801 1735 1887 1779 quod
1898 1734 1975 1768 olim
1990 1716 2119 1773 iiiin'a'inffi'

1239 1843 1334 1877 centii
1349 1848 1435 1876 extra
1446 1852 1554 1875 muros
1562 1841 1833 1881 Tridentinenses,
1849 1840 1977 1875 Ordinis

1238 1897 1268 1930 S.
1286 1895 1460 1935 Benedicti,
1477 1894 1568 1927 cuius
1584 1894 1652 1938 ipse
1663 1893 1888 1937 Sigismundus
1899 1894 1974 1934 dux,

1238 1949 1333 1983 ctiam
1363 1948 1478 1982 Tirolis
1507 1959 1632 1989 comcs,
1662 1947 1786 1981 ratione
1807 1947 1977 1981 comitatus

1238 2002 1362 2043 Tirolis,
1385 2002 1557 2035 advocatus
1574 2007 1603 2035 et
1623 1999 1788 2045 protector
1808 2000 1976 2043 dignosce-

1239 2056 1350 2097 batur,
1378 2055 1538 2099 quaedam
1569 2054 1719 2097 dignitas,
1753 2053 1977 2099 praepositura

1240 2108 1477 2152 nuncupata,in
1498 2107 1639 2142 1·:‹·ctosia
1650 2107 1836 2141 Tridentina
1856 2111 1974 2147 erecta,

1239 2174 1274 2195 ae
1296 2163 1334 2195 tle
1356 2173 1392 2195 ca
1410 2161 1617 2206 postmodum
1631 2167 1718 2194 certo
1732 2167 1807 2194 tunc
1826 2170 1976 2205 expresso

1240 2216 1336 2249 mode
1358 2220 1510 2255 vacante,
1534 2215 1697 2259 quondam
1725 2213 1879 2257 magistro
1909 2214 1973 2249 Ga-

1238 2270 1323 2314 spari
1345 2270 1384 2303 tle
1402 2270 1550 2306 Teramo,
1573 2279 1741 2302 causarum
1763 2266 1872 2312 palatii
1893 2277 1974 2312 apo-

1238 2323 1341 2357 stotici
1363 2321 1513 2362 aiathuri,
1538 2328 1611 2355 tune
1637 2321 1668 2354 in
1690 2320 1838 2354 humanis
1855 2319 1973 2364 agenti,

1238 2375 1412 2421 apostoliea
1425 2375 1626 2415 auctoritate,
1642 2373 1805 2419 provisum
1817 2366 1981 2415 Extiterat,

1240 2429 1324 2463 itlius
1354 2427 1556 2473 possessione
1579 2438 1636 2472 per
1663 2427 1813 2461 eumdem
1850 2426 1972 2471 Gaspa-

1238 2481 1470 2524 1·em:eatc·nus
1497 2491 1561 2513 non
1593 2479 1722 2518 babita;
1749 2485 1780 2513 et
1811 2479 1841 2513 in
1862 2479 1974 2513 eadem

1238 2534 1436 2579 expositione
1468 2534 1638 2568 subiuueto
1658 2534 1757 2578 quod,
1785 2533 1810 2567 si
1843 2532 1975 2567 cedente

1238 2588 1283 2622 vel
1311 2588 1488 2621 decedente
1522 2586 1608 2621 dicte
1638 2587 1795 2631 Gaspare,
1819 2590 1873 2620 aut
1896 2585 1974 2619 alias

1274 2651 1282 2677 1
1309 2649 1343 2677 Ex
1362 2649 1467 2685 llessext.
1483 2649 1509 2676 iu
1525 2650 1630 2676 Secrct.
1652 2648 1784 2676 Breviutu.

1989 1611 2100 1634 Ausa-tm
2107 1596 2116 1626 ³,

1239 1802 1275 1824 ex
1300 1789 1393 1823 bonis
1413 1794 1442 1822 ct
1463 1789 1620 1822 reditibus
1642 1788 1827 1822 monasterii
1841 1788 1871 1822 S.
1900 1787 1977 1822 Vin·
1991 1773 2056 1820 33¹1?ss
2076 1774 2079 1779 ”
2103 1800 2105 1802 ·
