2253 3195
0 282 7 290 ,,
49 259 96 286 Λη.
113 257 140 285 C.
166 258 232 286 1600

76 1278 198 1300 Exordium.

64 1493 235 1514 Curdhhttliae-

50 1519 236 1546 ius-protectoria-

51 1546 104 1567 dinis
126 1547 165 1567 FF.
186 1547 235 1568 Min.

51 1573 74 1594 S.
86 1573 193 1594 Francis-ci
209 1575 235 1594 ite

52 1600 236 1622 miset-ianuam·

0 1629 2 1643 :
52 1626 152 1653 tuitquod
165 1628 234 1654 inpar-

52 1653 106 1674 tibus
131 1655 235 1675 Iuniarum

51 1685 93 1701 nou
113 1682 236 1706 possintiml

52 1707 121 1728 ott'icia
154 1709 236 1728 admitti

52 1734 92 1754 nisi
100 1735 181 1755 ittaruiu
190 1741 236 1760 prn-

52 1760 168 1781 vineiarum
189 1762 236 1786 titii,

52 1789 89 1807 aut
110 1788 150 1808 illis
169 1789 237 1809 incor-

52 1814 128 1839 poi-au.

865 257 1012 282 CLEMENS
1033 258 1088 281 Vlll
1107 258 1156 280 PP.

246 305 324 339 nulo
355 305 546 346 Piscium-is,
568 306 618 339 die
644 306 797 348 vigesima
823 311 907 339 sexta
938 307 986 339 se-

246 359 369 392 bruarii
396 359 568 393 millesimo
588 360 830 401 sexcentesimo,
854 360 987 403 pontifi-

247 418 335 445 catus
355 413 456 445 nostri
476 424 561 446 anno
587 424 684 446 nono.

282 474 339 501 liat.
358 474 399 501 die
415 475 448 501 ⁹26
464 475 592 502 februarii
615 476 690 509 1000,
708 475 804 510 pontis.
822 483 865 502 an.
882 482 917 501 lx.

526 636 701 669 ccxxviii.

248 734 407 771 Decernit,
432 733 465 765 in
484 733 636 776 partibus
653 732 842 773 Imliarum,
867 733 902 765 iu
924 732 986 765 Or-

290 787 367 819 dine
386 786 544 819 Fratrum
565 786 732 819 Minoi-um
754 785 888 819 Ordinis
908 787 1007 819 San-³

292 841 335 873 cti
353 839 385 873 F
385 841 524 872 rimcisci
537 840 574 872 dc
588 839 812 880 Obserwntia,
825 851 890 872 non
900 851 991 883 posse

291 894 417 926 assmni
447 894 489 926 ad
524 905 643 926 munus
670 894 932 937 province'alatns
963 898 992 927 el

292 948 436 980 aliorum
456 948 634 990 officiorum
662 948 728 980 nisi
745 948 831 991 filios
858 952 915 981 (ull
936 948 992 981 ad-

293 1002 393 1035 dictos
417 1002 488 1034 illis
504 1002 695 1045 provinciis

474 1092 606 1118 Clemens
619 1093 696 1125 Papa
708 1092 786 1121 vm,

379 1145 414 1172 ad
430 1149 603 1178 perpetuam
618 1145 661 1172 rei
677 1146 857 1172 memor'am.

294 1215 359 1256 llis,
383 1226 466 1259 quae
494 1216 533 1249 ad
560 1216 757 1258 regularium
779 1226 991 1260 personarum

249 1274 365 1302 statum
387 1275 417 1302 et
434 1269 642 1302 commodum
661 1268 793 1312 provide
813 1275 886 1302 sunt
907 1270 994 1303 ordi-

249 1328 345 1363 nata,
374 1333 447 1355 cum
469 1333 486 1355 a
515 1322 608 1355 nobis
635 1323 773 1366 petitur,
797 1323 993 1366 apostolicae

250 1375 505 1410 confirmationis
525 1376 627 1409 robur
647 1376 786 1409 libenter
810 1376 990 1410 adiicimus.

295 1432 311 1472 ξ
333 1429 363 1463 l.
387 1430 464 1463 Cum
486 1429 605 1473 itaque,
629 1430 710 1463 sicut
730 1430 923 1474 accepimus,
949 1430 996 1463 di-

250 1485 352 1518 lectus
365 1483 450 1517 silius
463 1489 572 1517 noster
588 1483 811 1527 Hieronymus,
827 1484 911 1516 tituli
924 1494 996 1517 san-

251 1538 292 1571 eti
317 1537 495 1577 Pancrassi,
527 1537 692 1581 presbyter
719 1537 892 1570 cardinalis
920 1538 996 1571 Mat-

252 1591 376 1625 thaeius
396 1596 611 1635 nuncupatus,
627 1590 755 1624 Ordinis
768 1591 916 1623 Fratrum
935 1591 992 1624 Mi-

251 1656 368 1678 norum
399 1645 500 1678 sancti
532 1644 692 1677 Francisei
723 1645 761 1677 de
790 1644 996 1678 Observantia

251 1704 425 1742 protector,
450 1699 490 1731 ad
511 1709 607 1742 quem
628 1708 686 1731 nos
707 1698 884 1741 supplicem
906 1698 997 1731 libel-

252 1752 330 1793 lum,
347 1752 440 1785 nobis
454 1762 513 1795 pro
528 1757 618 1795 parte
641 1751 835 1784 dilectorum
854 1752 995 1785 filiorum

251 1805 474 1839 ministrorum
507 1805 754 1849 provnmialium
792 1811 822 1838 et
861 1806 995 1839 fratrum

252 1859 379 1893 Ordinis
404 1859 434 1893 S.
458 1859 620 1892 Francisci
647 1859 679 1891 in
709 1859 854 1902 partibus
885 1859 994 1893 India-

251 1924 323 1946 rum
355 1912 611 1947 Occidentalium
643 1913 847 1946 existentium
879 1924 994 1957 porre-

211 2002 214 2004 ,
252 1973 350 2007 ctum,
372 1967 611 2007 remiseramus,
629 1978 692 2010 quo
707 1967 838 2010 quidem
859 1967 996 2011 supplici

252 2022 363 2055 libello
403 2021 497 2053 nobis
540 2021 761 2064 exponebatur
776 2048 783 2061 ,
823 2022 998 2054 nonnullos

253 2074 491 2107 commissarios
516 2075 683 2115 generales
711 2086 747 2108 ex
776 2074 937 2118 Hispaniis
958 2075 996 2108 ad

252 2127 411 2172 praedicti
431 2127 558 2160 Ordinis
582 2127 764 2170 provincias
795 2128 827 2160 in
853 2128 998 2171 partibus

252 2181 418 2215 indiarum
439 2181 625 2225 huiusmodi
646 2180 899 2224 proficiscentes,
924 2193 995 2214 ma-

253 2235 403 2278 ximeque
424 2235 463 2267 ad
484 2233 684 2277 provinciam
705 2234 899 2274 Limensem,
916 2246 999 2278 quae

254 2289 285 2321 in
306 2289 416 2330 Regno
437 2288 488 2320 del
508 2288 596 2320 Pera
616 2287 675 2320 sita
697 2293 753 2328 est,
775 2287 906 2331 privatis
924 2289 999 2321 affe-

255 2341 417 2375 ctionibus
442 2347 564 2381 motos,
588 2340 694 2384 potius
716 2351 813 2384 quam
835 2342 999 2374 communi

255 2395 421 2437 religionis
442 2395 570 2428 utilitati
594 2394 814 2435 inservientes,
840 2394 922 2434 illos,
946 2395 998 2438 qui

255 2460 365 2484 secum
383 2460 420 2483 ex
438 2449 589 2493 Hispania
610 2454 827 2488 accesserant,
846 2449 885 2481 ad
900 2449 997 2481 mini-

256 2508 375 2536 stratus
392 2503 610 2546 provincialis,
626 2508 655 2535 et
672 2502 734 2534 alia
748 2501 875 2535 Ordinis
895 2501 1000 2535 officia

256 2555 441 2600 promoveri
463 2548 677 2596 consuevisse,
701 2565 765 2587 non
787 2555 818 2587 in
838 2555 1000 2587 modicum

258 2609 445 2641 earumdem
471 2608 709 2652 provinciarum
725 2635 732 2648 ‚
761 2613 791 2640 et
811 2607 1000 2651 praesertim

258 2661 424 2702 Limensis,
448 2661 694 2699 deti·imentum;
719 2661 998 2704 nobisquelnimiv-

1670 244 1726 276 571

1025 306 1098 339 liter
1120 304 1375 349 supplicabatur,
1400 309 1431 336 ut
1453 303 1527 336 huic
1549 303 1634 335 malo
1656 312 1768 335 occur-

1006 370 1095 396 ¹rere
1127 359 1351 401 dignaremur',
1387 363 1512 390 maturo
1547 356 1702 396 consilio,
1738 361 1767 388 et

1026 413 1257 446 deliberatione
1285 411 1492 456 praemissis,
1523 411 1562 443 ad
1592 409 1768 451 Religionis

1024 466 1238 509 Sempllieae,
1270 465 1494 508 (lietarumque
1529 463 1768 508 provinciarum

1024 530 1230 553 communem
1252 519 1434 560 utilitatem,
1452 528 1578 551 necnon
1601 517 1769 559 religioso-

1024 583 1095 605 rum
1121 572 1291 612 omnium,
1308 578 1339 605 et
1365 572 1539 616 praecipue
1560 581 1685 611 eorum,
1714 570 1769 613 qui

1024 626 1055 658 in
1084 625 1307 659 remotissimis
1338 625 1492 659 Ordinis¹
1515 624 1681 668 partibus,
1706 624 1766 656 do-

1024 679 1145 712 ctrinae
1184 679 1441 723 exemplarisque
1479 678 1559 711 vitae
1598 678 1770 722 splendore

1024 733 1217 766 catholicam
1250 732 1347 765 fidem
1383 743 1563 776 propagare
1599 731 1767 771 nituntur,

1025 786 1140 819 honori
1164 786 1349 829 prospicere
1376 785 1531 828 cupiens,
1560 784 1771 828 eiusdemque

1025 840 1190 882 religionis
1215 839 1341 872 statutis
1363 839 1569 881 generalibus
1587 838 1768 879 inhaerens,

1026 893 1204 931 desueverit
1228 898 1259 926 et
1288 892 1437 925 statuerit
1463 897 1498 925 ut
1534 892 1565 924 in
1597 891 1771 935 provinciis

1026 948 1169 981 eiusdem
1195 946 1360 989 religionis
1381 946 1413 978 in
1434 945 1580 990 partibus
1600 945 1771 989 praedictis

1026 1001 1201 1041 Indiarum,
1222 1006 1251 1033 et
1272 999 1463 1044 praesertim
1485 999 1517 1031 in
1537 999 1675 1032 Limensi
1697 1010 1772 1042 pro-

1026 1054 1150 1094 vincia,
1175 1054 1214 1086 ad
1245 1053 1445 1086 ministratus
1465 1052 1671 1096 provincialis
1686 1079 1693 1092 ,
1716 1063 1771 1085 seu

1027 1108 1195 1151 quodlibet
1209 1107 1298 1140 aliud
1311 1106 1475 1149 dignitatis
1492 1105 1635 1138 officium
1654 1105 1772 1138 assumi

1027 1171 1091 1194 non
1113 1161 1253 1193 valerent
1275 1160 1327 1192 alii
1353 1159 1428 1192 dicti
1457 1158 1586 1193 Ordinis
1608 1158 1769 1201 religiosi,

1027 1226 1124 1259 quam
1138 1214 1195 1255 itti,
1208 1214 1262 1258 qui
1277 1214 1421 1247 eiusdem
1444 1212 1628 1257 provinciae
1650 1212 1772 1245 alumni

1028 1274 1144 1309 essent,
1168 1269 1217 1302 vel
1238 1269 1278 1301 ad
1299 1278 1369 1301 eam
1391 1278 1539 1311 expresse
1561 1278 1597 1300 ac
1617 1266 1770 1299 nomina-

1030 1324 1085 1356 tim
1107 1323 1194 1356 missi
1216 1333 1251 1355 ex
1272 1321 1434 1365 Hispaniis
1454 1332 1527 1354 cum
1555 1320 1693 1353 ministri
1714 1331 1771 1362 ge-

1029 1376 1148 1410 neralis
1174 1381 1227 1409 aut
1255 1374 1470 1408 eonnnissarii
1497 1373 1663 1407 lndiarum
1688 1374 1774 1417 apud

1030 1430 1181 1464 catholici
1199 1429 1427 1473 Hispaniarum
1449 1428 1533 1470 regis
1554 1428 1676 1460 curiam
1699 1427 1775 1460 assi-

1030 1484 1141 1517 stentis
1158 1483 1272 1516 litteris
1293 1482 1563 1515 obedientialibus
1577 1481 1607 1513 in
1623 1481 1685 1514 illis
1702 1492 1777 1525 pro-

1030 1537 1140 1571 vinciis
1160 1536 1358 1580 incorporati
1380 1535 1532 1576 suissent;
1565 1535 1650 1578 quod
1680 1535 1706 1568 si
1726 1545 1776 1568 se-

1031 1603 1086 1625 cus
1114 1590 1183 1624 sieri
1208 1590 1432 1631 contingeret,
1461 1589 1589 1621 irritum
1619 1594 1650 1622 et
1681 1589 1777 1621 inane

1031 1645 1165 1678 omnino
1187 1649 1267 1677 esset
1282 1671 1289 1684 ,
1310 1648 1340 1676 et
1362 1649 1424 1676 tam
1447 1643 1621 1683 electores,
1645 1652 1778 1686 promo-

1033 1705 1116 1732 tores
1137 1703 1167 1731 et
1186 1698 1337 1737 fautores,
1362 1707 1459 1740 quam
1479 1696 1596 1729 electos
1618 1695 1778 1739 quoslibet

1032 1751 1218 1796 privationis
1240 1751 1279 1783 ab
1300 1761 1414 1783 eorum
1436 1749 1569 1789 officiis,
1594 1760 1630 1782 ae
1650 1749 1778 1781 inhabi—

1033 1805 1130 1838 litatis
1151 1806 1191 1837 ad
1211 1803 1329 1837 similia
1350 1809 1380 1836 et
1400 1803 1461 1835 alia
1482 1803 1513 1835 in
1534 1809 1699 1846 posterum
1722 1802 1779 1835 ob-

1034 1859 1165 1892 tinenda
1185 1868 1325 1902 poenas,
1347 1868 1426 1901 quas
1451 1862 1527 1890 tunc
1552 1856 1687 1897 inflixit,
1709 1857 1778 1900 ipso

1033 1912 1103 1945 iure
1128 1911 1316 1944 incursuros
1338 1909 1523 1950 declaravit,
1548 1914 1645 1953 prout
1667 1909 1698 1941 in
1720 1909 1780 1941 eis-

1033 1967 1104 1999 dem
1120 1965 1306 2009 Hieronymi
1320 1964 1492 1997 cardinalis
1509 1963 1702 2007 protectoris
1723 1974 1779 2006 pa-

1032 2019 1173 2053 tentibus
1200 2018 1333 2058 litteris,
1357 2017 1415 2050 sub
1445 2018 1555 2050 datum
1584 2017 1636 2049 die
1666 2016 1779 2049 ultima

1033 2072 1170 2106 ianuarii
1185 2071 1329 2116 proxime
1348 2070 1523 2115 praeteriti,
1540 2069 1694 2114 expeditis
1711 2070 1779 2113 ple-

1033 2127 1104 2160 nius
1122 2126 1239 2159 dicitur
1257 2125 1428 2158 contineri.

1078 2181 1094 2222 ἓ
1123 2179 1152 2212 *2.
1177 2179 1320 2222 Cumque
1345 2177 1492 2210 firmiora
1520 2176 1583 2209 sint
1615 2186 1671 2217 ea,
1696 2187 1778 2220 quae
1793 2180 1979 2235 caisiff‘ssrss‘ssiiiiiss

1033 2232 1229 2276 apostolicae
1261 2230 1521 2265 continuationis
1550 2229 1668 2262 robore
1701 2240 1776 2262 mu-
1793 2239 1925 2259 «nummum

1033 2286 1178 2326 niuntur,
1202 2290 1376 2329 propterea
1401 2295 1459 2328 pro
1480 2289 1571 2327 parte
1596 2283 1778 2326 provincia-

1034 2340 1111 2373 lium
1135 2345 1163 2372 et
1182 2340 1316 2372 fratrum
1339 2337 1579 2382 provinciarum
1601 2336 1780 2380 praedicta-

1035 2405 1106 2427 rum
1125 2394 1218 2426 nobis
1239 2393 1405 2426 humiliter
1425 2391 1641 2435 supplicatum
1664 2391 1777 2432 suerit,

1036 2453 1067 2479 ut
1100 2452 1246 2490 patentes
1280 2446 1402 2479 litteras
1439 2446 1623 2490 praedictas
1660 2444 1781 2478 confir-

1037 2512 1144 2541 mare,
1166 2512 1201 2534 ac
1231 2500 1309 2533 alias
1331 2500 1362 2532 in
1392 2500 1577 2544 praemissis
1598 2505 1782 2543 opportune

1036 2554 1217 2599 providere,
1243 2553 1282 2587 de
1308 2553 1507 2595 benignitate
1533 2552 1709 2597 apostolica
1735 2553 1782 2586 di-

1036 2618 1220 2650 gnaremur.

1074 2671 1082 2696 1
1104 2671 1182 2696 Forte
1203 2669 1254 2702 tegi
1278 2669 1362 2696 satius
1383 2672 1422 2696 est
1439 2668 1525 2696 ortis.
1543 2669 1637 2703 (nstin).

1780 253 1828 280 An,
1852 253 1880 280 (2.
1901 253 1968 280 1600
