2253 3195
31 227 80 254 Au.
97 225 126 252 C.
146 224 207 251 ¹001

834 224 981 247 CLEMENS
1002 223 1057 246 vltt
1080 223 1129 246 1¹1³.

226 272 362 305 centiam
386 273 594 305 concedimus
622 279 649 305 ct
679 272 894 314 indulgemus.
917 271 967 304 ln-

62 337 211 365 Pam-unqu.)—
226 336 324 368 super
344 332 375 358 ut
394 336 530 369 pascua,
554 336 635 369 quae
657 326 696 358 ad
717 332 852 358 vestram
875 335 965 358 com-

29 364 211 443 ἕξῖιιῖἓὲὼέἶῗ
229 377 416 411 munitatem
437 379 621 422 pertinent,
645 385 675 411 ct
695 389 766 411 vere
788 378 826 410 ab
857 378 968 410 eadem

227 432 458 465 communitate
488 433 613 465 suerunt
644 442 810 476 possessa,
835 438 863 463 ct
885 441 968 463 nunt·

226 485 442 528 possidentur,
471 485 529 518 situ
555 485 637 518 inter
665 485 906 527 lllagnaraccam
940 490 969 517 et

228 538 407 570 Primarum
439 539 521 570 inter
552 538 635 571 cives
654 538 893 572 Contaclenses‚
915 537 968 580 qui

228 591 280 624 illa
294 592 333 624 ad
348 592 506 624 culturam
528 592 683 624 reducere
698 592 879 625 intendunt.
897 601 968 623 cum

227 645 406 678 interventu
434 645 660 688 gubernatoris
692 645 828 679 civitatis
859 645 970 678 Coma-

227 699 341 732 clensis
361 700 536 741 (reservato
551 698 773 732 communitati
789 698 969 742 praedictae

227 752 349 786 directo
379 753 538 797 dominio)
565 753 707 786 dividere
732 753 820 785 etad
844 751 967 784 tertiam

226 806 492 848 generationem,
521 806 633 840 solutis
662 806 835 850 quotannis
864 805 967 838 eidem

227 860 450 893 communitati
477 859 568 893 libris
589 859 772 903 quingentis
794 859 878 891 illius
901 869 969 891 mo-

226 918 319 945 netae
341 912 372 945 in
400 918 501 945 totum
522 923 581 956 pro
608 919 676 945 rata
702 912 876 956 quemlibet
901 918 968 944 tau-

226 971 337 1007 gente‚
365 966 545 999 concedere
570 965 710 998 valeatis.
748 965 851 1009 thue
873 965 967 997 etiam

227 1029 327 1052 unum
348 1020 487 1052 Montem
504 1019 646 1060 Pietatis,
671 1020 703 1052 in
721 1030 786 1063 quo
814 1019 969 1063 pecuniae

227 1072 424 1116 pauperibus
435 1072 732 1116 superpignoribus
745 1072 884 1105 mutuari
898 1083 970 1115 pos-

227 1126 301 1166 sint,
318 1126 349 1158 in
364 1126 475 1158 eadem
495 1126 621 1159 civitate
639 1126 775 1168 erigere,
793 1126 970 1159 dummodo

227 1189 293 1212 non
313 1178 458 1221 exigatur
478 1178 600 1222 aliquid
621 1189 719 1222 supra
745 1184 865 1212 sortem
888 1179 969 1212 ultra

228 1243 381 1276 expensas
401 1232 597 1265 necessarias
618 1232 841 1265 ministrorum
862 1238 891 1266 et
912 1233 969 1266 do-

227 1297 298 1320 mus
319 1286 395 1320 dicti
416 1286 530 1319 Montis
556 1286 596 1319 ab
625 1286 796 1320 Ordinatio
818 1287 970 1320 laxandas

227 1340 350 1383 erigere
380 1340 508 1383 possitis
523 1367 530 1380 ,
567 1339 758 1373 auctoritate
794 1346 823 1373 et
858 1346 970 1373 tenore

177 1404 184 1411 ·
226 1394 421 1438 praedictis,
457 1394 642 1427 facultatem
675 1393 889 1437 impertimur.
923 1394 970 1427 Ad

227 1447 318 1489 haec,
341 1452 376 1480 ut
397 1447 590 1480 cancellaria
610 1447 711 1480 civilis
731 1447 874 1480 eiusdem
896 1447 970 1480 civi-

230 1500 302 1534 tatis
330 1501 544 1534 Comaclensis
565 1511 583 1534 a
603 1500 729 1534 notario
757 1501 966 1542 Comaclensi,

226 1554 372 1598 quolibet
397 1564 481 1587 anno
503 1565 519 1587 a
539 1560 643 1587 vestra
664 1554 896 1588 communitate
917 1555 971 1588 de-

227 1608 382 1652 putando,
400 1607 540 1640 exerceri
571 1608 687 1641 debeat
716 1619 789 1641 cum
822 1609 970 1652 capitulis

228 1666 258 1693 et
277 1660 519 1694 conditionibus
544 1660 649 1694 eidem
671 1661 895 1694 communitati
916 1662 970 1695 be-

227 1713 353 1754 nevisis‚
370 1714 548 1747 dummodo
566 1714 721 1753 notarius,
738 1715 794 1758 qui
812 1715 899 1748 illam
913 1726 971 1759 per

227 1778 347 1801 annum
369 1769 558 1809 exercuerit,
576 1769 692 1802 debeat
708 1779 820 1802 vacare
833 1775 863 1802 et
876 1770 971 1803 absti-

226 1832 303 1856 nere
322 1822 362 1855 ab
383 1822 526 1856 eiusdem
548 1822 700 1856 exercitio
718 1833 777 1866 per
797 1822 969 1856 triennium

226 1875 422 1919 proximum,
443 1886 502 1909 nec
522 1876 591 1920 ipsa
612 1876 829 1909 communitas
844 1876 972 1920 dispen-

227 1940 298 1963 sare
320 1935 374 1963 aut
401 1930 588 1974 permittere
609 1930 731 1970 valeat,
753 1936 787 1963 ut
808 1931 893 1963 idem
915 1941 972 1963 no-

228 1983 325 2017 tarius
349 1983 449 2028 possit
473 1984 572 2017 alium
597 1984 808 2028 substituere];
836 1984 917 2017 itaut
936 1995 972 2017 0-

227 2047 319 2071 mnes
336 2037 454 2070 notarii
468 2038 702 2079 Comaclenses‚
719 2038 898 2071 dummodo
911 2038 971 2071 sint

227 2091 348 2132 idonei,
372 2093 487 2126 eodem
507 2091 668 2126 beneficio
688 2092 749 2125 srui
771 2093 973 2136 possint‚au-

228 2145 375 2178 ctoritate
401 2151 432 2179 et
460 2152 571 2179 tenore
603 2145 792 2189 praedictis,
821 2145 970 2188 indulge-

228 2210 309 2233 mus.
333 2200 468 2233 Demum
497 2200 572 2244 quia
604 2205 639 2233 ut
670 2199 792 2243 pariter
812 2199 970 2240 asseritis,

228 2253 381 2295 magister
392 2259 558 2297 postarum
578 2253 791 2286 Ferrariensis
812 2263 897 2286 nunc
911 2253 975 2286 exi-

228 2311 324 2347 stens,
352 2306 511 2350 hospitem
543 2312 655 2350 postae
680 2305 910 2348 Magnavaccae
935 2306 974 2338 ad

230 2369 283 2393 vos
302 2359 487 2403 spectantis,
503 2360 543 2393 ad
560 2359 755 2392 solutionem
777 2369 917 2392 annuam
931 2359 975 2391 vi-

229 2413 308 2456 ginti
327 2413 473 2457 quinque
493 2419 671 2454 scutorum,
693 2419 723 2446 ct
744 2413 784 2446 ad
804 2413 975 2445 nonnullas

229 2467 308 2500 alias
333 2467 571 2510 recognitiones
597 2477 653 2500 scu
678 2466 814 2508 regatias
843 2476 975 2508 gravare

230 2519 388 2559 intendit,
417 2530 476 2553 nos
507 2520 624 2553 harum
657 2520 740 2553 serio
772 2519 976 2552 decernimus

231 2573 352 2606 dictum
366 2573 526 2617 hospitem
543 2579 597 2606 aut
611 2583 665 2606 ros
677 2573 707 2606 in
720 2573 915 2617 praemissis,
926 2573 975 2605 ul-

232 2632 280 2659 tra
292 2627 437 2667 solitum,
449 2627 540 2660 nullo
555 2627 651 2660 modo
666 2626 828 2660 molestari
844 2626 972 2659 debere.

1654 208 1715 242 707
1762 217 1941 244 An.c.1601

1048 272 1064 312 ἓ
1086 270 1115 303 st.
1141 270 1257 313 Sicque
1283 269 1314 301 in
1336 267 1519 312 praemissis
1545 267 1695 300 omnibus
1716 272 1745 299 et

1004 323 1138 365 singulis
1163 324 1202 356 ab
1228 322 1378 356 omnibus
1407 321 1552 361 censeri,
1577 320 1669 354 etita
1689 331 1747 363 per

1004 387 1226 420 quoscumque
1256 376 1376 409 iudices
1402 375 1583 408 ordinarios
1604 380 1633 407 et
1654 374 1743 407 dele-

1005 436 1104 472 gatos,
1122 430 1216 462 etiam
1239 435 1384 462 nostrum
1399 435 1428 461 et
1442 428 1644 472 Apostolicae
1657 427 1747 460 Sedis

1005 483 1036 515 in
1063 483 1188 516 civitate
1209 489 1238 516 et
1266 483 1385 515 ducatu
1405 481 1600 515 Ferrariensi
1630 481 1668 513 de
1695 481 1743 513 la-

1007 543 1071 569 tcre
1096 537 1250 579 legatum,
1278 547 1314 569 ac
1335 536 1468 569 Sanctae
1494 536 1657 568 Romanae
1683 534 1744 567 Ec-

1005 589 1119 622 clesiae
1137 589 1364 629 camerarium,
1380 589 1505 622 sublata
1523 588 1567 621 eis
1585 593 1615 620 et
1635 597 1746 620 eorum

1005 643 1135 676 cuilibet
1161 643 1271 686 quavis
1296 642 1389 675 aliter
1414 641 1576 674 iudicandi
1598 647 1627 673 et
1649 640 1747 673 inter-

1006 697 1202 740 terpretandi
1224 696 1375 728 facultate
1394 701 1423 728 et
1441 694 1642 734 auctoritate,
1663 693 1747 726 iudi-

1005 750 1068 782 cari
1083 756 1112 783 et
1127 750 1255 782 definiri
1270 749 1399 786 debere.
1414 759 1449 781 ac
1463 748 1590 781 irritum
1609 753 1639 780 et
1653 747 1748 780 inane

1005 803 1163 847 quidquid
1195 814 1287 836 secus
1311 813 1408 846 super
1434 802 1482 834 his
1511 812 1527 834 a
1559 811 1744 845 quoquam,

1005 858 1114 901 quavis
1127 857 1328 895 auctoritate,
1339 856 1476 889 scienter
1484 856 1531 888 vel
1547 855 1744 897 ignoranter,

1005 911 1176 953 contigerit
1196 910 1355 943 attentari.
1730 952 1734 955 μ

1050 966 1066 1007 g
1085 963 1114 996 ι’).
1139 964 1324 997 Mandantes
1345 962 1556 996 nihilominus
1575 962 1747 1006 praedictis

1005 1018 1120 1060 legato,
1138 1028 1173 1050 ac
1195 1017 1263 1050 eius
1283 1017 1437 1059 collegae,
1454 1026 1509 1049 seu
1530 1016 1704 1058 vicelegato
1718 1021 1749 1048 et

1005 1071 1195 1110 camerario,
1212 1076 1244 1103 ut
1260 1070 1349 1103 vobis
1363 1070 1394 1102 in
1410 1069 1594 1113 praemissis
1612 1069 1748 1102 efficacis

1005 1125 1201 1159 defensionis
1221 1124 1383 1168 praesidio
1408 1124 1591 1157 assistentes
1605 1152 1613 1164 ,
1634 1123 1750 1156 saciant

1006 1179 1195 1212 auctoritate
1214 1184 1334 1217 nostra,
1359 1188 1413 1211 vos
1435 1183 1465 1210 et
1483 1177 1562 1210 alios
1579 1188 1750 1220 quoscum-

1005 1244 1079 1277 que,
1103 1233 1142 1266 ad
1164 1243 1245 1276 quos
1265 1231 1415 1276 pertinet,
1437 1231 1687 1275 praemissorum
1706 1231 1750 1264 ef-

1005 1288 1087 1321 fectu
1112 1292 1269 1331 perpetuo
1296 1285 1430 1330 pacifice
1451 1285 1513 1318 srui
1539 1290 1570 1318 et
1594 1285 1746 1327 gaudere,

1006 1351 1071 1374 non
1102 1340 1323 1384 permittentes
1354 1349 1409 1372 vos
1446 1339 1585 1382 desuper
1617 1349 1634 1371 a
1664 1349 1747 1382 quo-

1005 1405 1114 1439 quam,
1139 1393 1249 1438 quavis
1270 1393 1478 1431 auctoritate,
1503 1392 1751 1436 quomodolibet

1006 1447 1181 1487 molestati,
1202 1446 1385 1491 perturbari
1404 1447 1452 1479 vel
1475 1446 1656 1489 inquietari.

1050 1503 1066 1543 ξ
1094 1501 1122 1533 7.
1146 1501 1215 1533 Non
1236 1500 1437 1533 obstantibus
1464 1499 1749 1533 constitutionibus

1006 1560 1036 1587 et
1060 1553 1317 1587 ordinationibus
1348 1552 1554 1596 apostolicis,
1578 1563 1614 1585 ac
1645 1553 1749 1586 dictae

1005 1607 1188 1652 provinciae
1217 1613 1245 1640 et
1277 1606 1412 1639 civitatis
1434 1612 1464 1640 et
1493 1607 1647 1644 ducatus,
1669 1606 1749 1639 alio-

1008 1671 1143 1704 rumque
1164 1670 1446 1704 quorumcumque
1472 1660 1620 1693 locorum
1644 1660 1750 1693 Status

1006 1715 1106 1748 nostri
1136 1714 1372 1754 Ecclesiastici,
1409 1713 1504 1747 etiam
1542 1713 1746 1753 iuramento,

1007 1769 1254 1802 confirmatione
1271 1768 1466 1812 apostolica,
1489 1768 1538 1801 vel
1560 1768 1669 1811 quavis
1689 1767 1747 1800 fir-

1007 1823 1116 1856 mitate
1135 1822 1197 1855 alia
1217 1821 1378 1855 roboratis
1403 1821 1528 1855 statutis
1553 1827 1584 1854 et
1609 1832 1746 1854 consue-

1009 1876 1183 1916 tudinibus,
1208 1886 1334 1909 necnon
1356 1876 1507 1909 omnibus
1526 1875 1599 1916 illis,
1619 1886 1701 1918 quae
1719 1875 1751 1908 in

1007 1930 1158 1974 praefatis
1183 1930 1297 1963 litteris
1323 1929 1482 1963 voluimus
1507 1940 1571 1963 non
1598 1930 1747 1969 obstare,

1008 1984 1205 2027 caeterisque
1227 1983 1399 2016 contrariis
1419 1983 1691 2028 quibuscumque.

1051 2038 1165 2071 Datum
1196 2038 1317 2070 Romae
1342 2037 1427 2081 apud
1456 2037 1486 2070 S.
1515 2037 1669 2078 Marcum,
1692 2037 1751 2069 sub

1008 2091 1128 2123 annulo
1148 2090 1329 2130 Piscatoris,
1354 2090 1404 2123 die
1421 2101 1440 2123 x
1461 2089 1536 2122 maii
1556 2100 1646 2130 unct,
1669 2100 1750 2133 pon-

1008 2143 1145 2177 tificatus
1166 2144 1267 2177 nostri
1288 2154 1372 2176 anno
1397 2155 1426 2177 x.

1046 2208 1105 2234 Dat.
1123 2207 1165 2234 die
1183 2208 1215 2234 to
1230 2207 1293 2234 maii
1308 2207 1387 2240 1601,
1405 2206 1503 2242 pontif.
1524 2215 1568 2233 an.
1585 2216 1609 2232 x.

1835 278 1946 299 Ctausutao

1767 307 1946 330 praeservativae.

1804 970 1948 996 Equuutorns

1764 997 1875 1023 designati.

1815 1503 1949 1524 obstantium

1765 1531 1883 1556 derogatio.

1331 2368 1436 2403 CCLx.

1011 2467 1200 2499 Subsidium
1221 2467 1468 2510 quinquaqinta
1492 2466 1636 2499 milli-um
1651 2471 1754 2499 scuto-

1057 2531 1127 2552 rum
1152 2530 1248 2562 super
1276 2519 1436 2562 fructibus
1459 2519 1686 2562 beneficiorum
1710 2530 1755 2552 et·-

1025 2574 1033 2581 '
1055 2573 1323 2612 cIcsictslicorum‚
1349 2573 1381 2604 in
1406 2572 1551 2604 ‹tomim'o
1576 2572 1756 2616 republicae

1064 2625 1197 2658 Venetae
1224 2626 1449 2665 eoez'steutium,
1473 2626 1516 2658 ad
1542 2626 1756 2669 yravissimas
