2253 3195
276 272 328 299 An.
345 270 374 299 C.
390 271 461 300 1600

286 1189 457 1215 Quibuscum-:ue

273 1223 314 1237 nun
325 1218 458 1238 obstantibus

306 1888 453 1913 'tianmmptc-

270 1920 314 1934 ruzn
330 1915 388 1934 Ιὶ-ὀε.

473 321 687 365 pellatiouum
718 320 905 354 huiusmodi
929 320 963 354 in
994 323 1136 356 secunda
1161 322 1213 355 in-

474 375 601 415 stantia,
625 380 765 419 quatuor
791 375 964 416 iudicibus,
987 386 1129 419 quorum
1151 376 1215 409 duo

474 429 513 462 de
543 429 678 462 consilio
707 429 818 471 regio,
845 434 877 462 et
904 429 956 462 alii
983 429 1048 462 duo
1069 430 1108 463 de
1129 429 1214 463 dicto

474 482 607 515 consilio
643 481 800 516 Ordinum
831 482 1020 516 militiarum
1054 483 1211 524 existant,

472 535 661 569 committat.
689 536 736 569 Ab
757 536 824 570 istis
844 547 920 570 vero
941 542 1081 581 quatuor
1101 537 1216 571 iudici-

471 589 532 622 bus
555 589 581 622 si
604 596 713 633 partes
733 600 766 623 se
783 596 929 633 gravatas
949 590 1107 624 senserint
1122 618 1129 631 ‚
1153 590 1216 624 illis

471 642 511 676 ad
536 643 733 677 Maiestatem
754 649 841 677 tuam
854 672 861 685 ,
885 650 1050 688 tamquam
1071 645 1213 678 admini-

471 703 642 731 stratorem
664 698 823 732 dictarum
845 698 1046 740 militiarum,
1069 705 1104 733 ut
1123 710 1216 744 prae-

471 751 582 792 fertur,
602 752 720 786 iterum
741 753 906 797 appellare
924 753 1048 787 licitum
1066 753 1125 787 sit:
1152 764 1216 798 quo

472 816 548 838 casu
568 805 714 840 Maiestas
736 812 789 840 tua
805 817 864 851 per
883 817 916 840 se
936 807 1050 851 ipsam,
1064 807 1217 841 adhibitis

471 860 619 903 personis
632 860 672 893 ab
686 869 723 894 ea
740 860 944 904 deputandis,
959 872 1070 895 causas
1087 862 1215 895 easdem

472 912 505 945 in
526 913 621 946 tertia
638 919 667 946 et
694 913 807 946 ultima
838 913 990 947 instantia
1020 924 1216 957 cognoscere

473 971 504 999 et
525 966 699 1000 terminare
714 994 722 1007 ,
745 977 951 1011 quacumque
979 967 1128 1001 ulteriori
1153 979 1213 1012 ap-

471 1019 648 1062 pellatione
666 1027 802 1061 remota,
824 1021 951 1062 debeat,
975 1021 1166 1055 auctoritate
1184 1027 1216 1055 et

473 1079 585 1107 tenore
598 1073 782 1117 praedictis,
795 1074 966 1108 statuimus
973 1075 1211 1110 etordinamus.

518 1128 534 1169 5
555 1126 586 1160 5.
607 1127 676 1160 Non
697 1127 899 1162 obstantibus
912 1128 1078 1172 quibusvis
1095 1130 1215 1163 eonsti-

473 1181 653 1215 tutionibus
673 1187 705 1215 et
725 1182 986 1216 ordinationibus
1015 1183 1211 1227 apostolicis,

473 1246 510 1269 ac
529 1235 689 1269 dictarum
703 1236 891 1270 militiarum
906 1237 1002 1270 etiam
1016 1238 1210 1279 iuramento,

472 1289 719 1323 confirmatione
740 1289 928 1334 apostolica,
955 1291 1004 1324 vel
1029 1292 1140 1335 quavis
1160 1291 1215 1325 fir-

472 1343 582 1376 mitate
603 1343 666 1376 alia
686 1344 858 1386 roboratis,
883 1346 1011 1379 statutis
1028 1352 1059 1380 et
1079 1357 1214 1380 consue-

471 1397 649 1437 tudinibus,
669 1398 845 1441 privilegiis
865 1409 1007 1442 quoque,
1031 1399 1164 1434 indultis
1184 1406 1214 1434 et

471 1450 587 1484 litteris
616 1452 803 1495 apostolicis
828 1452 860 1485 in
892 1453 1090 1486 contrarium
1122 1464 1215 1498 prae-

471 1505 641 1538 missorum
667 1505 914 1549 quomodolibet
939 1507 1110 1547 concessis,
1138 1517 1215 1541 con-

469 1557 607 1592 firmatis
627 1564 658 1591 et
681 1559 878 1603 approbatis.
913 1559 1035 1598 Quibus
1063 1561 1214 1595 omnibus

469 1617 500 1644 et
519 1611 654 1654 singulis
674 1622 788 1645 eorum
815 1618 943 1646 tenores
958 1640 965 1653 ,
988 1615 1213 1657 praesentibus

468 1675 528 1709 pro
538 1666 694 1709 expressis
712 1666 879 1707 habentes,
893 1667 953 1700 liae
966 1668 1034 1702 vice
1048 1668 1211 1702 dumtaxat

469 1719 652 1763 specialiter
671 1726 701 1753 et
722 1731 870 1764 expresse
891 1720 1088 1764 derogamus
1102 1750 1109 1763 ‚
1134 1733 1209 1756 cae-

468 1773 609 1817 terisque
630 1774 800 1808 contrariis
820 1774 1090 1820 quibuscumque.

514 1828 530 1868 g
551 1826 581 1859 6.
605 1827 760 1861 Volumus
785 1833 891 1861 antem
908 1856 915 1865 ,
936 1834 971 1861 ut
991 1829 1208 1873 praesentium

471 1880 680 1924 transumptis
705 1880 840 1913 alicuius
860 1881 977 1915 notarii
999 1882 1131 1925 publici,
1152 1887 1207 1915 etc.

513 1934 628 1966 Datum
649 1934 771 1967 Romae
791 1936 877 1978 apud
898 1936 927 1968 S.
945 1936 1212 1969 Petrumsuban-

468 1987 546 2020 nulo
567 1987 759 2027 Piscatori«,
795 1988 846 2021 die
873 1999 943 2022 xxxi
970 1989 1106 2022 ianuarii
1132 2000 1207 2027 nnc.

467 2041 672 2084 pontificatus
693 2042 792 2075 nostri
814 2052 899 2075 anno
920 2053 989 2076 vni.

504 2112 615 2140 banaio
634 2114 663 2140 31
683 2113 798 2140 ianuarii
819 2114 894 2147 1000,
916 2114 1012 2150 pontis.
1034 2123 1078 2141 an.
1096 2121 1154 2141 vni.

756 2381 906 2415 ccxxvi.

469 2497 592 2529 Erectio
622 2499 812 2530 monasterii
832 2499 875 2530 ad
906 2498 1069 2531 ecclesiam
1097 2499 1210 2532 Sancti

515 2559 527 2590 1
535 2559 639 2591 'rhum'
663 2560 698 2592 in
718 2561 847 2602 rryr'one
868 2561 1027 2594 Montium
1049 2561 1087 2593 de
1109 2560 1205 2598 L'rbe.

513 2631 585 2652 cum
605 2623 804 2655 ⁰⁰”00351'0n0
824 2623 1067 2666 ‘'xv''‘Plme‘m
1089 2627 1211 2666 ‘'197‘0·
1245 2632 1376 2673 Urbani,
1399 2643 1454 2665 seu
1475 2632 1560 2665 illins
1580 2632 1675 2665 situm
1698 2631 1728 2664 in
1750 2631 1881 2674 regione
1898 2631 1984 2664 Mon·

515 2686 558 2717 tia
564 2695 600 2716 ru
607 2696 646 2716 m.

1053 273 1237 298 BULLARIUM
1260 274 1415 300 ROMANUM

1226 2061 1229 2070 ·
1246 2043 1325 2083 inas,
1347 2053 1406 2086 pro
1423 2041 1560 2075 naturali
1578 2041 1831 2085 uniuscuiusque
1851 2040 1987 2075 adhunc

2006 280 2104 308 Amo.
2122 256 2214 312 1600...

1251 351 1383 379 Clemens
1404 352 1583 387 episcopus,
1603 360 1712 381 servus
1737 362 1892 383 servorum
1918 356 1990 390 Dei,

1399 405 1436 433 ad
1450 406 1584 434 futuram
1597 407 1644 435 rei
1658 408 1840 437 memoriam.

1292 485 1440 519 Debitum
1460 488 1630 530 pastoralis
1647 488 1743 522 officii
1763 489 1857 523 nobis
1869 500 1906 524 ex
1925 491 1989 524 alto

1249 539 1413 573 commissi
1444 541 1582 585 requirit
1587 569 1603 586 2
1627 547 1658 575 et
1676 552 1736 576 nos
1760 543 1801 576 ad
1822 543 1854 576 id
1881 553 1991 587 prom-

1249 599 1321 636 ptos
1341 593 1468 635 excitat,
1485 601 1519 628 ut
1532 595 1572 628 ad
1585 606 1634 636 ea,
1657 606 1716 639 per
1729 606 1812 640 quae
1831 606 1992 640 pauperes

1250 646 1388 690 puellae,
1411 648 1527 691 spretis
1552 648 1648 682 huius
1665 649 1802 683 infelicis
1821 650 1941 683 saeculi
1955 650 1993 683 il-

1250 700 1398 741 lecebris‚
1421 707 1453 735 et
1476 709 1640 747 assumpto
1665 704 1831 747 religionis
1855 704 1989 746 habitu,

1250 760 1444 798 perpetuum
1463 756 1627 790 Altissimo
1648 758 1837 791 famulatum
1866 758 1993 802 impen-

1251 808 1337 849 dere,
1361 814 1592 854 aeternamque
1617 811 1851 845 beatitudinem
1873 821 1989 845 conse-

1251 861 1329 894 ctari
1348 863 1486 903 valeant,
1503 874 1541 897 ac
1557 864 1672 898 exinde
1692 865 1826 898 lionoris
1845 865 1941 898 ssores
1961 870 1993 899 et

1250 915 1427 950 honestatis
1440 917 1574 959 fruetus,
1591 918 1816 962 regularisque
1823 918 1906 952 vitae
1915 929 1992 962 pro-

1248 969 1378 1012 pagatio
1402 969 1584 1011 deveniant,
1606 971 1779 1015 propensis
1798 971 1914 1005 studiis
1942 971 1991 1004 in-

1250 1023 1430 1065 tendamus,
1447 1024 1529 1057 acin
1549 1024 1598 1058 his
1616 1024 1759 1059 eiusdem
1780 1025 1877 1058 officii
1890 1025 1992 1059 nostri

1249 1083 1355 1121 partes
1375 1078 1597 1112 favorabiliter
1616 1078 1871 1123 interponamus.
2192 1123 2194 1125 q

1294 1132 1311 1174 g
1331 1131 1362 1164 1.
1386 1132 1469 1165 Sane
1490 1131 1624 1165 dilectus
1637 1131 1722 1165 filius
1735 1138 1844 1166 noster
1863 1132 1987 1174 Caesar,
2013 1141 2108 1189 „¹3pr
2127 1141 2188 1163 domo

1250 1185 1333 1218 tituli
1354 1190 1539 1219 sanctorum
1559 1185 1654 1219 Nerei
1671 1191 1703 1218 et
1723 1185 1882 1226 Archilei,
1909 1196 1986 1230 pre·
2004 1174 2190 1243 ὲῖζῖξέἒὲῗοὲἷξῗᾶ

1249 1238 1355 1283 sbyter
1378 1238 1551 1272 cardinalis
1576 1238 1734 1272 Baronius
1760 1245 1964 1283 nuncupatus
1978 1267 1985 1281 ,
2004 1224 2195 1297 Ξῇἓῧιζὲιῖἶὲὲῗιὲἓ

1250 1298 1312 1325 tam
1334 1302 1404 1333 suo,
1425 1302 1522 1336 quam
1534 1291 1726 1326 dilectorum
1741 1292 1837 1326 etiam
1847 1292 1989 1326 filiorum
2004 1302 2100 1329 pienum.

1249 1343 1461 1376 fundatorum
1486 1343 1601 1377 domus
1628 1343 1810 1387 puellarum
1831 1343 1990 1388 dispersa-

1248 1407 1319 1430 rum
1341 1402 1612 1441 nuncupatarum,
1623 1407 1724 1441 prope
1738 1396 1906 1430 ecclesiam
1919 1407 1991 1430 san-

1248 1457 1317 1484 ctae
1330 1450 1527 1494 Eupliemiae
1539 1450 1570 1483 in
1583 1459 1697 1494 campo
1717 1449 1828 1484 Cat-leo
1841 1450 1881 1484 de
1891 1450 1987 1491 Urbe,

1247 1515 1284 1538 ac
1301 1504 1436 1538 dilectae
1456 1504 1488 1537 in
1514 1503 1638 1538 Christo
1666 1503 1751 1537 tiliae
1771 1503 1890 1538 nobilis
1911 1514 1985 1538 mu-

1248 1558 1335 1591 lieris
1355 1557 1483 1591 Fulviae
1513 1557 1552 1591 de
1573 1556 1745 1590 comitibus
1770 1556 1906 1591 Ssortiae
1925 1558 1987 1591 do-

1249 1612 1395 1645 micellae
1415 1611 1580 1645 Romanae
1599 1610 1796 1651 nominibus,
1819 1611 1913 1644 nobis
1931 1621 1990 1644 nu-

1247 1676 1306 1709 per
1329 1665 1446 1709 exponi
1473 1664 1559 1705 fecit,
1589 1665 1676 1708 quod
1698 1664 1756 1708 ipsi
1778 1664 1893 1698 Caesar
1912 1675 1986 1698 ear-

1247 1719 1362 1752 dinalis
1383 1725 1413 1753 et
1429 1719 1616 1752 fundatores
1633 1729 1669 1752 ac
1690 1718 1810 1759 Fulvia,
1833 1717 1989 1762 peculiari

1247 1773 1464 1806 sollicitudine
1485 1778 1515 1806 et
1535 1772 1642 1806 studio
1661 1772 1910 1816 perpendenteS,
1934 1771 1986 1806 di-

1247 1833 1312 1860 ctas
1342 1827 1465 1871 puellas
1500 1826 1531 1859 in
1559 1826 1627 1870 ipsa
1655 1826 1752 1859 domo
1773 1826 1923 1859 collectas
1949 1826 1989 1859 de

1246 1881 1406 1926 praesenti
1437 1881 1477 1914 ad
1503 1891 1675 1914 numerum
1703 1881 1912 1914 ducentarum
1939 1880 1986 1914 vel

1246 1936 1331 1968 eirea
1351 1935 1536 1975 ascendere,
1553 1934 1773 1978 paulatimque
1791 1934 1831 1967 ad
1852 1939 1986 1968 aetatem

1247 1996 1404 2022 maun-am
1427 1987 1606 2032 pervenire,
1631 1993 1661 2021 et
1684 1987 1901 2021 necessarium
1919 1997 1987 2021 esse

2031 502 2170 525 Prooemium.

1246 2097 1292 2129 vel
1315 2096 1404 2129 illum
1423 2101 1540 2129 statum
1568 2095 1786 2139 propensione
1811 2095 1983 2136 collocare,

1245 2151 1353 2183 multis
1383 2160 1458 2183 vero
1479 2150 1618 2190 illarum,
1641 2149 1756 2193 spretis
1772 2148 1891 2182 saeculi
1911 2148 1983 2181 ille-

1244 2204 1358 2244 cebris,
1375 2203 1577 2248 praepotenti
1598 2203 1662 2237 Deo
1675 2203 1734 2235 sub
1754 2202 1842 2236 suavi
1858 2202 1986 2244 religio-

1245 2258 1292 2291 nis
1313 2258 1388 2298 iugo
1410 2257 1558 2290 sauiulari
1580 2256 1787 2290 desiderare:
1949 2269 1952 2272 ·

1289 2311 1353 2353 §2
1378 2311 1482 2344 Unum
1510 2309 1741 2343 monasterinm
1771 2309 1981 2350 monialium,

1245 2365 1275 2397 in
1296 2375 1362 2408 quo
1376 2365 1502 2408 puellae
1524 2364 1554 2396 in
1576 2364 1688 2396 eadem
1711 2364 1809 2396 domo
1829 2363 1984 2397 educatae

1245 2418 1468 2451 tantummodo
1489 2417 1587 2461 recipi
1613 2417 1789 2457 deberent,
1817 2416 1986 2450 instituen-

1244 2473 1320 2505 ‹lum
1336 2483 1403 2505 esse
1418 2471 1612 2510 indicarunt,
1629 2477 1659 2504 et
1674 2470 1853 2504 mentemin
1864 2470 1981 2510 locum,

1244 2526 1298 2558 nbi
1320 2525 1549 2559 monasterinm
1578 2525 1682 2568 ipsum
1713 2524 1884 2557 commode
1908 2534 1985 2558 con·

1244 2579 1330 2612 stitui
1350 2585 1468 2622 posset,
1485 2578 1671 2620 dirigentes,
1689 2578 1855 2611 eeclesiam
1876 2575 1982 2611 Sancti

2036 2313 2098 2334 Cant.
2115 2312 2185 2335 nuo-
2218 2255 2228 2365 J

1999 2341 2046 2362 nius
2079 2341 2184 2361 munnu-
2219 2347 2221 2352 ⁴
2250 2363 2251 2368 ¹

2000 2368 2053 2398 rium
2085 2372 2124 2393 pro
2151 2367 2188 2388 olm
2218 2365 2225 2395 2
2249 2372 2252 2401 ¹,

1999 2393 2184 2442 :itteram
2216 2397 2224 2420 ²

2000 2447 2057 2469 bant

1247 2685 1326 2718 tium
1348 2685 1387 2718 de
1407 2686 1491 2718 dicta
1513 2684 1608 2721 L'rbc.
1632 2695 1714 2728 quae.
1739 2695 1755 2717 a
1780 2683 1864 2717 dicta
1885 2683 1982 2717 domo
