<?xml version="1.0" encoding="UTF-8"?>
<!DOCTYPE html PUBLIC "-//W3C//DTD XHTML 1.0 Transitional//EN"
    "http://www.w3.org/TR/xhtml1/DTD/xhtml1-transitional.dtd">
<html xmlns="http://www.w3.org/1999/xhtml" xml:lang="en" lang="en">
 <head>
  <title>
</title>
<meta http-equiv="Content-Type" content="text/html;charset=utf-8" />
  <meta name='ocr-system' content='tesseract 3.04.00' />
  <meta name='ocr-capabilities' content='ocr_page ocr_carea ocr_par ocr_line ocrx_word'/>
</head>
<body>
  <div class='ocr_page' id='page_1' title='image "./bullarumdiplomat10cath_0209.png"; bbox 0 0 2253 3195; ppageno 0'>
   <div class='ocr_carea' id='block_1_1' title="bbox 10 270 195 301">
    <p class='ocr_par' dir='ltr' id='par_1_1' title="bbox 10 270 195 301">
     <span class='ocr_line' id='line_1_1' title="bbox 10 270 195 301; baseline -0.011 0"><span class='ocrx_word' id='word_1_1' title='bbox 10 274 62 301; x_wconf 83' lang='lat' dir='ltr'>An.</span> <span class='ocrx_word' id='word_1_2' title='bbox 80 273 109 301; x_wconf 89' lang='lat' dir='ltr'>C.</span> <span class='ocrx_word' id='word_1_3' title='bbox 128 270 195 301; x_wconf 78' lang='lat'>1594</span> 
     </span>
    </p>
   </div>
   <div class='ocr_carea' id='block_1_2' title="bbox 0 543 28 3195">
    <p class='ocr_par' dir='ltr' id='par_1_2' title="bbox 0 543 28 3195">
     <span class='ocr_line' id='line_1_2' title="bbox 0 543 28 3195; baseline 0 0"><span class='ocrx_word' id='word_1_4' title='bbox 0 543 28 3195; x_wconf 95' lang='lat' dir='ltr'> </span> 
     </span>
    </p>
   </div>
   <div class='ocr_carea' id='block_1_3' title="bbox 10 595 194 670">
    <p class='ocr_par' dir='ltr' id='par_1_3' title="bbox 10 595 194 670">
     <span class='ocr_line' id='line_1_3' title="bbox 49 595 194 616; baseline -0.014 0"><span class='ocrx_word' id='word_1_5' title='bbox 49 595 194 616; x_wconf 75' lang='lat' dir='ltr'>Cont‘essm-eui</span> 
     </span>
     <span class='ocr_line' id='line_1_4' title="bbox 11 621 194 648; baseline -0.022 -4"><span class='ocrx_word' id='word_1_6' title='bbox 11 621 101 648; x_wconf 70' lang='lat' dir='ltr'>eligendi</span> <span class='ocrx_word' id='word_1_7' title='bbox 131 621 194 641; x_wconf 76' lang='lat' dir='ltr'>tiven—</span> 
     </span>
     <span class='ocr_line' id='line_1_5' title="bbox 10 648 154 670; baseline -0.014 0"><span class='ocrx_word' id='word_1_8' title='bbox 10 650 60 670; x_wconf 79' lang='lat' dir='ltr'>iiam</span> <span class='ocrx_word' id='word_1_9' title='bbox 74 648 154 668; x_wconf 80' lang='lat' dir='ltr'>tribuit.</span> 
     </span>
    </p>
   </div>
   <div class='ocr_carea' id='block_1_4' title="bbox 0 410 8 997">
    <p class='ocr_par' dir='ltr' id='par_1_4' title="bbox 0 410 8 997">
     <span class='ocr_line' id='line_1_6' title="bbox 0 410 8 997; baseline 0 0"><span class='ocrx_word' id='word_1_10' title='bbox 0 410 8 997; x_wconf 95' lang='lat' dir='ltr'> </span> 
     </span>
    </p>
   </div>
   <div class='ocr_carea' id='block_1_5' title="bbox 1 410 7 997">
    <p class='ocr_par' dir='ltr' id='par_1_5' title="bbox 1 410 7 997">
     <span class='ocr_line' id='line_1_7' title="bbox 1 410 7 997; baseline 0 0"><span class='ocrx_word' id='word_1_11' title='bbox 1 410 7 997; x_wconf 95' lang='lat' dir='ltr'> </span> 
     </span>
    </p>
   </div>
   <div class='ocr_carea' id='block_1_6' title="bbox 13 1552 196 1606">
    <p class='ocr_par' dir='ltr' id='par_1_6' title="bbox 13 1552 196 1606">
     <span class='ocr_line' id='line_1_8' title="bbox 35 1552 196 1574; baseline -0.012 0"><span class='ocrx_word' id='word_1_12' title='bbox 35 1553 150 1574; x_wconf 81' lang='lat' dir='ltr'>Contrariis</span> <span class='ocrx_word' id='word_1_13' title='bbox 162 1552 196 1573; x_wconf 75' lang='lat' dir='ltr'>ile-</span> 
     </span>
     <span class='ocr_line' id='line_1_9' title="bbox 13 1581 78 1606; baseline -0.015 -5"><span class='ocrx_word' id='word_1_14' title='bbox 13 1581 78 1606; x_wconf 71' lang='lat' dir='ltr'>rogat.</span> 
     </span>
    </p>
   </div>
   <div class='ocr_carea' id='block_1_7' title="bbox 45 2141 162 2164">
    <p class='ocr_par' dir='ltr' id='par_1_7' title="bbox 45 2141 162 2164">
     <span class='ocr_line' id='line_1_10' title="bbox 45 2141 162 2164; baseline -0.009 0"><span class='ocrx_word' id='word_1_15' title='bbox 45 2141 162 2164; x_wconf 75' lang='lat' dir='ltr'>clausulae.</span> 
     </span>
    </p>
   </div>
   <div class='ocr_carea' id='block_1_8' title="bbox 825 268 1121 294">
    <p class='ocr_par' dir='ltr' id='par_1_8' title="bbox 825 268 1121 294">
     <span class='ocr_line' id='line_1_11' title="bbox 825 268 1121 294; baseline -0.01 0"><span class='ocrx_word' id='word_1_16' title='bbox 825 270 972 294; x_wconf 79' lang='lat' dir='ltr'>CLEMENS</span> <span class='ocrx_word' id='word_1_17' title='bbox 992 268 1050 292; x_wconf 92' lang='lat' dir='ltr'>VIII</span> <span class='ocrx_word' id='word_1_18' title='bbox 1071 268 1121 292; x_wconf 81' lang='lat' dir='ltr'>I‘P.</span> 
     </span>
    </p>
   </div>
   <div class='ocr_carea' id='block_1_9' title="bbox 1640 254 1705 287">
    <p class='ocr_par' dir='ltr' id='par_1_9' title="bbox 1640 254 1705 287">
     <span class='ocr_line' id='line_1_12' title="bbox 1640 254 1705 287; baseline -0.031 0"><span class='ocrx_word' id='word_1_19' title='bbox 1640 254 1705 287; x_wconf 70' lang='lat'>475</span> 
     </span>
    </p>
   </div>
   <div class='ocr_carea' id='block_1_10' title="bbox 208 313 1714 357">
    <p class='ocr_par' dir='ltr' id='par_1_10' title="bbox 208 313 1714 357">
     <span class='ocr_line' id='line_1_13' title="bbox 208 313 1714 357; baseline -0.003 -4"><span class='ocrx_word' id='word_1_20' title='bbox 208 319 401 353; x_wconf 81' lang='lat' dir='ltr'>stisidetibus</span> <span class='ocrx_word' id='word_1_21' title='bbox 430 318 501 353; x_wconf 89' lang='lat' dir='ltr'>illos</span> <span class='ocrx_word' id='word_1_22' title='bbox 539 318 795 357; x_wconf 77' lang='lat' dir='ltr'>associantibus,</span> <span class='ocrx_word' id='word_1_23' title='bbox 827 324 954 351; x_wconf 79' lang='lat' dir='ltr'>eentum</span> <span class='ocrx_word' id='word_1_24' title='bbox 991 317 1117 344; x_wconf 71' lang='lat' dir='ltr'>nitentis</span> <span class='ocrx_word' id='word_1_25' title='bbox 1133 315 1205 344; x_wconf 85' lang='lat' dir='ltr'>filiis</span> <span class='ocrx_word' id='word_1_26' title='bbox 1227 315 1429 344; x_wconf 73' lang='lat' dir='ltr'>confratribus</span> <span class='ocrx_word' id='word_1_27' title='bbox 1451 313 1714 342; x_wconf 70' lang='lat' dir='ltr'>⁰⁰¹¹fr³t⁰rnit³tis</span> 
     </span>
    </p>
   </div>
   <div class='ocr_carea' id='block_1_11' title="bbox 208 372 963 2351">
    <p class='ocr_par' dir='ltr' id='par_1_11' title="bbox 208 372 957 513">
     <span class='ocr_line' id='line_1_14' title="bbox 208 372 956 416; baseline -0.004 -9"><span class='ocrx_word' id='word_1_28' title='bbox 208 374 276 407; x_wconf 87' lang='lat' dir='ltr'>dies</span> <span class='ocrx_word' id='word_1_29' title='bbox 294 373 334 406; x_wconf 89' lang='lat' dir='ltr'>de</span> <span class='ocrx_word' id='word_1_30' title='bbox 354 373 399 406; x_wconf 87' lang='lat' dir='ltr'>eis</span> <span class='ocrx_word' id='word_1_31' title='bbox 421 373 582 413; x_wconf 88' lang='lat' dir='ltr'>iniunctis,</span> <span class='ocrx_word' id='word_1_32' title='bbox 599 384 655 406; x_wconf 88' lang='lat' dir='ltr'>seu</span> <span class='ocrx_word' id='word_1_33' title='bbox 676 373 753 406; x_wconf 79' lang='lat' dir='ltr'>alias</span> <span class='ocrx_word' id='word_1_34' title='bbox 774 372 956 416; x_wconf 87' lang='lat' dir='ltr'>quomodo-</span> 
     </span>
     <span class='ocr_line' id='line_1_15' title="bbox 208 425 957 470; baseline -0.004 -10"><span class='ocrx_word' id='word_1_35' title='bbox 208 427 287 460; x_wconf 89' lang='lat' dir='ltr'>libet</span> <span class='ocrx_word' id='word_1_36' title='bbox 311 427 426 460; x_wconf 88' lang='lat' dir='ltr'>debitis</span> <span class='ocrx_word' id='word_1_37' title='bbox 452 426 678 470; x_wconf 68' lang='lat' dir='ltr'>poenitentiis,</span> <span class='ocrx_word' id='word_1_38' title='bbox 703 425 957 459; x_wconf 66' lang='lat' dir='ltr'>misericorditer</span> 
     </span>
     <span class='ocr_line' id='line_1_16' title="bbox 210 480 612 513; baseline 0 0"><span class='ocrx_word' id='word_1_39' title='bbox 210 480 241 513; x_wconf 90' lang='lat' dir='ltr'>in</span> <span class='ocrx_word' id='word_1_40' title='bbox 262 480 399 513; x_wconf 91' lang='lat' dir='ltr'>Domino</span> <span class='ocrx_word' id='word_1_41' title='bbox 420 481 612 513; x_wconf 74' lang='lat' dir='ltr'>relaxamus.</span> 
     </span>
    </p>

    <p class='ocr_par' dir='ltr' id='par_1_12' title="bbox 208 533 960 1489">
     <span class='ocr_line' id='line_1_17' title="bbox 254 533 954 576; baseline -0.003 -9"><span class='ocrx_word' id='word_1_42' title='bbox 254 535 270 576; x_wconf 63' lang='grc' dir='ltr'>ἕ</span> <span class='ocrx_word' id='word_1_43' title='bbox 292 533 322 567; x_wconf 84' lang='grc'>8.</span> <span class='ocrx_word' id='word_1_44' title='bbox 347 535 513 567; x_wconf 84' lang='lat' dir='ltr'>Postremo</span> <span class='ocrx_word' id='word_1_45' title='bbox 532 534 652 567; x_wconf 87' lang='lat' dir='ltr'>eisdem</span> <span class='ocrx_word' id='word_1_46' title='bbox 671 533 898 571; x_wconf 74' lang='lat' dir='ltr'>confratribus,</span> <span class='ocrx_word' id='word_1_47' title='bbox 925 538 954 565; x_wconf 87' lang='lat' dir='ltr'>ut</span> 
     </span>
     <span class='ocr_line' id='line_1_18' title="bbox 209 586 953 630; baseline -0.003 -10"><span class='ocrx_word' id='word_1_48' title='bbox 209 598 268 630; x_wconf 89' lang='lat' dir='ltr'>pro</span> <span class='ocrx_word' id='word_1_49' title='bbox 295 587 501 629; x_wconf 69' lang='lat' dir='ltr'>indulgentiis</span> <span class='ocrx_word' id='word_1_50' title='bbox 522 586 693 630; x_wconf 86' lang='lat' dir='ltr'>praedictis</span> <span class='ocrx_word' id='word_1_51' title='bbox 722 586 845 619; x_wconf 77' lang='lat' dir='ltr'>facilius</span> <span class='ocrx_word' id='word_1_52' title='bbox 874 596 953 618; x_wconf 77' lang='lat' dir='ltr'>coii-</span> 
     </span>
     <span class='ocr_line' id='line_1_19' title="bbox 209 639 955 684; baseline -0.001 -11"><span class='ocrx_word' id='word_1_53' title='bbox 209 641 383 684; x_wconf 82' lang='lat' dir='ltr'>sequendis</span> <span class='ocrx_word' id='word_1_54' title='bbox 404 640 500 673; x_wconf 84' lang='lat' dir='ltr'>iidem</span> <span class='ocrx_word' id='word_1_55' title='bbox 519 640 705 679; x_wconf 70' lang='lat' dir='ltr'>confratres,</span> <span class='ocrx_word' id='word_1_56' title='bbox 727 650 762 672; x_wconf 66' lang='lat' dir='ltr'>as·</span> <span class='ocrx_word' id='word_1_57' title='bbox 784 639 878 672; x_wconf 87' lang='lat' dir='ltr'>etiam</span> <span class='ocrx_word' id='word_1_58' title='bbox 901 649 955 672; x_wconf 90' lang='lat' dir='ltr'>eo-</span> 
     </span>
     <span class='ocr_line' id='line_1_20' title="bbox 209 693 956 738; baseline -0.001 -12"><span class='ocrx_word' id='word_1_59' title='bbox 209 705 281 727; x_wconf 87' lang='lat' dir='ltr'>rum</span> <span class='ocrx_word' id='word_1_60' title='bbox 302 694 455 738; x_wconf 80' lang='lat' dir='ltr'>quilibet,</span> <span class='ocrx_word' id='word_1_61' title='bbox 480 695 696 728; x_wconf 82' lang='lat' dir='ltr'>confessorem</span> <span class='ocrx_word' id='word_1_62' title='bbox 726 694 786 726; x_wconf 88' lang='lat' dir='ltr'>sibi</span> <span class='ocrx_word' id='word_1_63' title='bbox 808 694 890 726; x_wconf 89' lang='lat' dir='ltr'>bene</span> <span class='ocrx_word' id='word_1_64' title='bbox 911 693 956 725; x_wconf 88' lang='lat' dir='ltr'>vi-</span> 
     </span>
     <span class='ocr_line' id='line_1_21' title="bbox 208 747 955 792; baseline -0.004 -11"><span class='ocrx_word' id='word_1_65' title='bbox 208 759 278 781; x_wconf 86' lang='lat' dir='ltr'>sum</span> <span class='ocrx_word' id='word_1_66' title='bbox 293 748 332 781; x_wconf 85' lang='lat' dir='ltr'>ab</span> <span class='ocrx_word' id='word_1_67' title='bbox 352 747 523 781; x_wconf 87' lang='lat' dir='ltr'>Ordinario</span> <span class='ocrx_word' id='word_1_68' title='bbox 545 748 781 792; x_wconf 83' lang='lat' dir='ltr'>approbatum,</span> <span class='ocrx_word' id='word_1_69' title='bbox 806 747 873 790; x_wconf 84' lang='lat' dir='ltr'>qui,</span> <span class='ocrx_word' id='word_1_70' title='bbox 899 758 955 779; x_wconf 85' lang='lat' dir='ltr'>au-</span> 
     </span>
     <span class='ocr_line' id='line_1_22' title="bbox 210 800 953 844; baseline -0.003 -10"><span class='ocrx_word' id='word_1_71' title='bbox 210 801 276 834; x_wconf 85' lang='lat' dir='ltr'>dita</span> <span class='ocrx_word' id='word_1_72' title='bbox 308 812 421 834; x_wconf 83' lang='lat' dir='ltr'>eorum</span> <span class='ocrx_word' id='word_1_73' title='bbox 455 802 672 842; x_wconf 76' lang='lat' dir='ltr'>confessione,</span> <span class='ocrx_word' id='word_1_74' title='bbox 697 812 750 834; x_wconf 87' lang='lat' dir='ltr'>eos</span> <span class='ocrx_word' id='word_1_75' title='bbox 773 812 790 833; x_wconf 87' lang='lat' dir='ltr'>a</span> <span class='ocrx_word' id='word_1_76' title='bbox 818 800 953 844; x_wconf 83' lang='lat' dir='ltr'>quibus-</span> 
     </span>
     <span class='ocr_line' id='line_1_23' title="bbox 208 854 955 899; baseline -0.004 -11"><span class='ocrx_word' id='word_1_77' title='bbox 208 855 254 888; x_wconf 87' lang='lat' dir='ltr'>vis</span> <span class='ocrx_word' id='word_1_78' title='bbox 291 855 446 899; x_wconf 85' lang='lat' dir='ltr'>peccatis,</span> <span class='ocrx_word' id='word_1_79' title='bbox 486 855 699 893; x_wconf 79' lang='lat' dir='ltr'>criminibus,</span> <span class='ocrx_word' id='word_1_80' title='bbox 729 854 824 887; x_wconf 86' lang='lat' dir='ltr'>etiam</span> <span class='ocrx_word' id='word_1_81' title='bbox 852 864 955 897; x_wconf 84' lang='lat' dir='ltr'>quaii-</span> 
     </span>
     <span class='ocr_line' id='line_1_24' title="bbox 211 907 957 947; baseline -0.003 -6"><span class='ocrx_word' id='word_1_82' title='bbox 211 909 325 942; x_wconf 78' lang='lat' dir='ltr'>tumvis</span> <span class='ocrx_word' id='word_1_83' title='bbox 345 909 554 947; x_wconf 85' lang='lat' dir='ltr'>enormibus,</span> <span class='ocrx_word' id='word_1_84' title='bbox 585 909 734 941; x_wconf 84' lang='lat' dir='ltr'>videlicet</span> <span class='ocrx_word' id='word_1_85' title='bbox 766 908 797 940; x_wconf 91' lang='lat' dir='ltr'>in</span> <span class='ocrx_word' id='word_1_86' title='bbox 830 907 957 940; x_wconf 87' lang='lat' dir='ltr'>casibus</span> 
     </span>
     <span class='ocr_line' id='line_1_25' title="bbox 210 962 953 1005; baseline -0.001 -10"><span class='ocrx_word' id='word_1_87' title='bbox 210 962 314 996; x_wconf 83' lang='lat' dir='ltr'>dictae</span> <span class='ocrx_word' id='word_1_88' title='bbox 349 963 422 996; x_wconf 87' lang='lat' dir='ltr'>Sedi</span> <span class='ocrx_word' id='word_1_89' title='bbox 463 962 653 1001; x_wconf 73' lang='lat' dir='ltr'>reservatis,</span> <span class='ocrx_word' id='word_1_90' title='bbox 694 962 833 1005; x_wconf 84' lang='lat' dir='ltr'>exeeptis</span> <span class='ocrx_word' id='word_1_91' title='bbox 874 972 953 994; x_wconf 76' lang='lat' dir='ltr'>ron-</span> 
     </span>
     <span class='ocr_line' id='line_1_26' title="bbox 211 1015 957 1049; baseline -0.001 -1"><span class='ocrx_word' id='word_1_92' title='bbox 211 1015 306 1048; x_wconf 86' lang='lat' dir='ltr'>tentis</span> <span class='ocrx_word' id='word_1_93' title='bbox 327 1015 358 1048; x_wconf 91' lang='lat' dir='ltr'>in</span> <span class='ocrx_word' id='word_1_94' title='bbox 389 1016 503 1049; x_wconf 90' lang='lat' dir='ltr'>litteris</span> <span class='ocrx_word' id='word_1_95' title='bbox 535 1016 566 1048; x_wconf 91' lang='lat' dir='ltr'>in</span> <span class='ocrx_word' id='word_1_96' title='bbox 597 1016 647 1049; x_wconf 89' lang='lat' dir='ltr'>dic</span> <span class='ocrx_word' id='word_1_97' title='bbox 678 1016 801 1049; x_wconf 87' lang='lat' dir='ltr'>Coenae</span> <span class='ocrx_word' id='word_1_98' title='bbox 831 1015 957 1048; x_wconf 84' lang='lat' dir='ltr'>Domini</span> 
     </span>
     <span class='ocr_line' id='line_1_27' title="bbox 210 1068 958 1111; baseline -0.001 -10"><span class='ocrx_word' id='word_1_99' title='bbox 210 1069 272 1111; x_wconf 76' lang='lat' dir='ltr'>legi</span> <span class='ocrx_word' id='word_1_100' title='bbox 293 1069 405 1107; x_wconf 89' lang='lat' dir='ltr'>solitis,</span> <span class='ocrx_word' id='word_1_101' title='bbox 429 1069 478 1102; x_wconf 90' lang='lat' dir='ltr'>bis</span> <span class='ocrx_word' id='word_1_102' title='bbox 499 1069 530 1102; x_wconf 90' lang='lat' dir='ltr'>in</span> <span class='ocrx_word' id='word_1_103' title='bbox 552 1069 613 1102; x_wconf 77' lang='lat' dir='ltr'>vita</span> <span class='ocrx_word' id='word_1_104' title='bbox 634 1075 661 1102; x_wconf 88' lang='lat' dir='ltr'>et</span> <span class='ocrx_word' id='word_1_105' title='bbox 693 1069 723 1101; x_wconf 88' lang='lat' dir='ltr'>in</span> <span class='ocrx_word' id='word_1_106' title='bbox 749 1069 861 1102; x_wconf 81' lang='lat' dir='ltr'>mortis</span> <span class='ocrx_word' id='word_1_107' title='bbox 882 1068 958 1101; x_wconf 87' lang='lat' dir='ltr'>arti-</span> 
     </span>
     <span class='ocr_line' id='line_1_28' title="bbox 211 1122 959 1162; baseline 0 -8"><span class='ocrx_word' id='word_1_108' title='bbox 211 1123 295 1162; x_wconf 84' lang='lat' dir='ltr'>culo,</span> <span class='ocrx_word' id='word_1_109' title='bbox 312 1122 344 1155; x_wconf 91' lang='lat' dir='ltr'>in</span> <span class='ocrx_word' id='word_1_110' title='bbox 362 1123 432 1155; x_wconf 88' lang='lat' dir='ltr'>aliis</span> <span class='ocrx_word' id='word_1_111' title='bbox 452 1133 527 1155; x_wconf 84' lang='lat' dir='ltr'>vero</span> <span class='ocrx_word' id='word_1_112' title='bbox 548 1123 653 1156; x_wconf 89' lang='lat' dir='ltr'>eidem</span> <span class='ocrx_word' id='word_1_113' title='bbox 674 1123 747 1156; x_wconf 84' lang='lat' dir='ltr'>Sedi</span> <span class='ocrx_word' id='word_1_114' title='bbox 771 1133 835 1156; x_wconf 89' lang='lat' dir='ltr'>non</span> <span class='ocrx_word' id='word_1_115' title='bbox 857 1133 959 1155; x_wconf 86' lang='lat' dir='ltr'>reser-</span> 
     </span>
     <span class='ocr_line' id='line_1_29' title="bbox 210 1175 956 1221; baseline 0 -13"><span class='ocrx_word' id='word_1_116' title='bbox 210 1175 289 1208; x_wconf 82' lang='lat' dir='ltr'>vatis</span> <span class='ocrx_word' id='word_1_117' title='bbox 302 1176 439 1215; x_wconf 84' lang='lat' dir='ltr'>casibus,</span> <span class='ocrx_word' id='word_1_118' title='bbox 463 1177 589 1220; x_wconf 90' lang='lat' dir='ltr'>quoties</span> <span class='ocrx_word' id='word_1_119' title='bbox 610 1183 830 1221; x_wconf 90' lang='lat' dir='ltr'>opportunum</span> <span class='ocrx_word' id='word_1_120' title='bbox 852 1175 956 1215; x_wconf 82' lang='lat' dir='ltr'>fuerit,</span> 
     </span>
     <span class='ocr_line' id='line_1_30' title="bbox 211 1229 956 1273; baseline -0.001 -11"><span class='ocrx_word' id='word_1_121' title='bbox 211 1230 389 1270; x_wconf 88' lang='lat' dir='ltr'>absolvere,</span> <span class='ocrx_word' id='word_1_122' title='bbox 415 1236 445 1263; x_wconf 91' lang='lat' dir='ltr'>et</span> <span class='ocrx_word' id='word_1_123' title='bbox 476 1241 536 1273; x_wconf 91' lang='lat' dir='ltr'>pro</span> <span class='ocrx_word' id='word_1_124' title='bbox 568 1230 612 1263; x_wconf 88' lang='lat' dir='ltr'>eis</span> <span class='ocrx_word' id='word_1_125' title='bbox 637 1231 811 1263; x_wconf 85' lang='lat' dir='ltr'>salutarem</span> <span class='ocrx_word' id='word_1_126' title='bbox 841 1229 956 1273; x_wconf 88' lang='lat' dir='ltr'>poeni-</span> 
     </span>
     <span class='ocr_line' id='line_1_31' title="bbox 212 1283 960 1328; baseline 0 -12"><span class='ocrx_word' id='word_1_127' title='bbox 212 1283 345 1317; x_wconf 89' lang='lat' dir='ltr'>tentiam</span> <span class='ocrx_word' id='word_1_128' title='bbox 381 1283 551 1327; x_wconf 81' lang='lat' dir='ltr'>iniungere</span> <span class='ocrx_word' id='word_1_129' title='bbox 580 1284 702 1328; x_wconf 79' lang='lat' dir='ltr'>possit,</span> <span class='ocrx_word' id='word_1_130' title='bbox 727 1284 845 1327; x_wconf 76' lang='lat' dir='ltr'>eligere</span> <span class='ocrx_word' id='word_1_131' title='bbox 875 1283 960 1316; x_wconf 87' lang='lat' dir='ltr'>licite</span> 
     </span>
     <span class='ocr_line' id='line_1_32' title="bbox 213 1337 960 1384; baseline -0.001 -14"><span class='ocrx_word' id='word_1_132' title='bbox 213 1343 244 1370; x_wconf 85' lang='lat' dir='ltr'>et</span> <span class='ocrx_word' id='word_1_133' title='bbox 263 1337 364 1371; x_wconf 89' lang='lat' dir='ltr'>libere</span> <span class='ocrx_word' id='word_1_134' title='bbox 383 1338 498 1384; x_wconf 77' lang='lat' dir='ltr'>valeat,</span> <span class='ocrx_word' id='word_1_135' title='bbox 515 1338 635 1371; x_wconf 89' lang='lat' dir='ltr'>eisdem</span> <span class='ocrx_word' id='word_1_136' title='bbox 655 1337 848 1371; x_wconf 88' lang='lat' dir='ltr'>auctoritate</span> <span class='ocrx_word' id='word_1_137' title='bbox 866 1342 897 1370; x_wconf 84' lang='lat' dir='ltr'>et</span> <span class='ocrx_word' id='word_1_138' title='bbox 917 1343 960 1369; x_wconf 90' lang='lat' dir='ltr'>te-</span> 
     </span>
     <span class='ocr_line' id='line_1_33' title="bbox 212 1391 960 1435; baseline -0.001 -11"><span class='ocrx_word' id='word_1_139' title='bbox 212 1401 303 1432; x_wconf 89' lang='lat' dir='ltr'>nore,</span> <span class='ocrx_word' id='word_1_140' title='bbox 320 1391 537 1434; x_wconf 77' lang='lat' dir='ltr'>indulgemus,</span> <span class='ocrx_word' id='word_1_141' title='bbox 558 1391 781 1435; x_wconf 85' lang='lat' dir='ltr'>praesentibus</span> <span class='ocrx_word' id='word_1_142' title='bbox 796 1391 960 1435; x_wconf 86' lang='lat' dir='ltr'>perpetuis</span> 
     </span>
     <span class='ocr_line' id='line_1_34' title="bbox 213 1444 728 1489; baseline 0 -12"><span class='ocrx_word' id='word_1_143' title='bbox 213 1444 330 1478; x_wconf 85' lang='lat' dir='ltr'>suturis</span> <span class='ocrx_word' id='word_1_144' title='bbox 351 1445 552 1489; x_wconf 81' lang='lat' dir='ltr'>temporibus</span> <span class='ocrx_word' id='word_1_145' title='bbox 573 1445 728 1479; x_wconf 76' lang='lat' dir='ltr'>valituris</span> 
     </span>
    </p>

    <p class='ocr_par' dir='ltr' id='par_1_13' title="bbox 213 1499 963 2125">
     <span class='ocr_line' id='line_1_35' title="bbox 257 1499 960 1543; baseline -0.003 -10"><span class='ocrx_word' id='word_1_146' title='bbox 257 1500 272 1543; x_wconf 61' lang='grc' dir='ltr'><strong>ἓ</strong></span> <span class='ocrx_word' id='word_1_147' title='bbox 297 1499 327 1533; x_wconf 84' lang='grc'>9.</span> <span class='ocrx_word' id='word_1_148' title='bbox 352 1500 421 1533; x_wconf 92' lang='lat' dir='ltr'>Non</span> <span class='ocrx_word' id='word_1_149' title='bbox 443 1500 644 1533; x_wconf 83' lang='lat' dir='ltr'>obstantibus</span> <span class='ocrx_word' id='word_1_150' title='bbox 665 1506 774 1533; x_wconf 84' lang='lat' dir='ltr'>nostra</span> <span class='ocrx_word' id='word_1_151' title='bbox 796 1501 834 1533; x_wconf 87' lang='lat' dir='ltr'>dc</span> <span class='ocrx_word' id='word_1_152' title='bbox 856 1499 960 1532; x_wconf 88' lang='lat' dir='ltr'>indul-</span> 
     </span>
     <span class='ocr_line' id='line_1_36' title="bbox 213 1553 961 1597; baseline 0 -11"><span class='ocrx_word' id='word_1_153' title='bbox 213 1553 328 1595; x_wconf 82' lang='lat' dir='ltr'>gentiis</span> <span class='ocrx_word' id='word_1_154' title='bbox 341 1555 382 1587; x_wconf 88' lang='lat' dir='ltr'>ad</span> <span class='ocrx_word' id='word_1_155' title='bbox 400 1554 500 1588; x_wconf 90' lang='lat' dir='ltr'>instar</span> <span class='ocrx_word' id='word_1_156' title='bbox 515 1565 580 1588; x_wconf 93' lang='lat' dir='ltr'>non</span> <span class='ocrx_word' id='word_1_157' title='bbox 598 1555 825 1592; x_wconf 82' lang='lat' dir='ltr'>concedendis,</span> <span class='ocrx_word' id='word_1_158' title='bbox 848 1560 878 1587; x_wconf 88' lang='lat' dir='ltr'>et</span> <span class='ocrx_word' id='word_1_159' title='bbox 892 1553 961 1597; x_wconf 89' lang='lat' dir='ltr'>qui-</span> 
     </span>
     <span class='ocr_line' id='line_1_37' title="bbox 213 1607 962 1642; baseline 0.001 -3"><span class='ocrx_word' id='word_1_160' title='bbox 213 1607 320 1640; x_wconf 87' lang='lat' dir='ltr'>busvis</span> <span class='ocrx_word' id='word_1_161' title='bbox 340 1608 410 1641; x_wconf 88' lang='lat' dir='ltr'>aliis</span> <span class='ocrx_word' id='word_1_162' title='bbox 428 1608 709 1642; x_wconf 81' lang='lat' dir='ltr'>constitutionibus</span> <span class='ocrx_word' id='word_1_163' title='bbox 730 1614 759 1641; x_wconf 90' lang='lat' dir='ltr'>et</span> <span class='ocrx_word' id='word_1_164' title='bbox 785 1608 962 1641; x_wconf 87' lang='lat' dir='ltr'>ordinatio-</span> 
     </span>
     <span class='ocr_line' id='line_1_38' title="bbox 214 1660 962 1705; baseline 0.001 -13"><span class='ocrx_word' id='word_1_165' title='bbox 214 1660 308 1693; x_wconf 86' lang='lat' dir='ltr'>nibus</span> <span class='ocrx_word' id='word_1_166' title='bbox 338 1661 538 1704; x_wconf 84' lang='lat' dir='ltr'>apostolieis‚</span> <span class='ocrx_word' id='word_1_167' title='bbox 563 1661 762 1705; x_wconf 87' lang='lat' dir='ltr'>caeterisque</span> <span class='ocrx_word' id='word_1_168' title='bbox 792 1661 962 1694; x_wconf 85' lang='lat' dir='ltr'>contrariis</span> 
     </span>
     <span class='ocr_line' id='line_1_39' title="bbox 213 1713 961 1759; baseline 0.003 -13"><span class='ocrx_word' id='word_1_169' title='bbox 213 1713 483 1758; x_wconf 83' lang='lat' dir='ltr'>quibuscumque.</span> <span class='ocrx_word' id='word_1_170' title='bbox 509 1715 663 1748; x_wconf 87' lang='lat' dir='ltr'>Volumus</span> <span class='ocrx_word' id='word_1_171' title='bbox 684 1721 791 1748; x_wconf 86' lang='lat' dir='ltr'>autem</span> <span class='ocrx_word' id='word_1_172' title='bbox 820 1716 907 1759; x_wconf 86' lang='lat' dir='ltr'>quod</span> <span class='ocrx_word' id='word_1_173' title='bbox 936 1715 961 1748; x_wconf 86' lang='lat' dir='ltr'>si</span> 
     </span>
     <span class='ocr_line' id='line_1_40' title="bbox 213 1767 962 1810; baseline 0.001 -10"><span class='ocrx_word' id='word_1_174' title='bbox 213 1767 469 1810; x_wconf 82' lang='lat' dir='ltr'>ingredientibus</span> <span class='ocrx_word' id='word_1_175' title='bbox 502 1769 619 1802; x_wconf 86' lang='lat' dir='ltr'>dictam</span> <span class='ocrx_word' id='word_1_176' title='bbox 657 1769 962 1802; x_wconf 85' lang='lat' dir='ltr'>archiconsraterni-</span> 
     </span>
     <span class='ocr_line' id='line_1_41' title="bbox 215 1822 962 1866; baseline 0.003 -13"><span class='ocrx_word' id='word_1_177' title='bbox 215 1826 324 1861; x_wconf 85' lang='lat' dir='ltr'>tatem,</span> <span class='ocrx_word' id='word_1_178' title='bbox 352 1828 408 1855; x_wconf 88' lang='lat' dir='ltr'>aut</span> <span class='ocrx_word' id='word_1_179' title='bbox 432 1822 520 1856; x_wconf 89' lang='lat' dir='ltr'>aliud</span> <span class='ocrx_word' id='word_1_180' title='bbox 540 1833 576 1856; x_wconf 87' lang='lat' dir='ltr'>ex</span> <span class='ocrx_word' id='word_1_181' title='bbox 597 1822 782 1866; x_wconf 84' lang='lat' dir='ltr'>praemissis</span> <span class='ocrx_word' id='word_1_182' title='bbox 803 1833 962 1866; x_wconf 78' lang='lat' dir='ltr'>peragen-</span> 
     </span>
     <span class='ocr_line' id='line_1_42' title="bbox 216 1874 962 1920; baseline 0.003 -13"><span class='ocrx_word' id='word_1_183' title='bbox 216 1874 310 1913; x_wconf 81' lang='lat' dir='ltr'>tibus,</span> <span class='ocrx_word' id='word_1_184' title='bbox 334 1876 382 1909; x_wconf 92' lang='lat' dir='ltr'>vel</span> <span class='ocrx_word' id='word_1_185' title='bbox 403 1876 481 1909; x_wconf 84' lang='lat' dir='ltr'>alias</span> <span class='ocrx_word' id='word_1_186' title='bbox 501 1876 610 1920; x_wconf 88' lang='lat' dir='ltr'>aliqua</span> <span class='ocrx_word' id='word_1_187' title='bbox 629 1876 691 1909; x_wconf 89' lang='lat' dir='ltr'>alia</span> <span class='ocrx_word' id='word_1_188' title='bbox 709 1876 909 1919; x_wconf 82' lang='lat' dir='ltr'>indulgentia</span> <span class='ocrx_word' id='word_1_189' title='bbox 930 1877 962 1909; x_wconf 92' lang='lat' dir='ltr'>iu</span> 
     </span>
     <span class='ocr_line' id='line_1_43' title="bbox 214 1930 963 1975; baseline 0.003 -14"><span class='ocrx_word' id='word_1_190' title='bbox 214 1934 407 1972; x_wconf 86' lang='lat' dir='ltr'>perpetuum</span> <span class='ocrx_word' id='word_1_191' title='bbox 429 1930 478 1963; x_wconf 85' lang='lat' dir='ltr'>vel</span> <span class='ocrx_word' id='word_1_192' title='bbox 507 1931 547 1963; x_wconf 88' lang='lat' dir='ltr'>ad</span> <span class='ocrx_word' id='word_1_193' title='bbox 579 1936 702 1963; x_wconf 88' lang='lat' dir='ltr'>certum</span> <span class='ocrx_word' id='word_1_194' title='bbox 728 1937 855 1975; x_wconf 87' lang='lat' dir='ltr'>teinpus</span> <span class='ocrx_word' id='word_1_195' title='bbox 884 1941 963 1963; x_wconf 89' lang='lat' dir='ltr'>noii-</span> 
     </span>
     <span class='ocr_line' id='line_1_44' title="bbox 215 1982 963 2028; baseline 0.004 -13"><span class='ocrx_word' id='word_1_196' title='bbox 215 1982 292 2015; x_wconf 88' lang='lat' dir='ltr'>dum</span> <span class='ocrx_word' id='word_1_197' title='bbox 313 1983 458 2027; x_wconf 85' lang='lat' dir='ltr'>elapsum</span> <span class='ocrx_word' id='word_1_198' title='bbox 480 1985 635 2018; x_wconf 85' lang='lat' dir='ltr'>duratura</span> <span class='ocrx_word' id='word_1_199' title='bbox 655 1995 712 2028; x_wconf 86' lang='lat' dir='ltr'>per</span> <span class='ocrx_word' id='word_1_200' title='bbox 731 1995 790 2018; x_wconf 90' lang='lat' dir='ltr'>nos</span> <span class='ocrx_word' id='word_1_201' title='bbox 811 1995 963 2018; x_wconf 81' lang='lat' dir='ltr'>concessa</span> 
     </span>
     <span class='ocr_line' id='line_1_45' title="bbox 217 2037 963 2082; baseline 0.004 -13"><span class='ocrx_word' id='word_1_202' title='bbox 217 2037 323 2079; x_wconf 87' lang='lat' dir='ltr'>fuerit,</span> <span class='ocrx_word' id='word_1_203' title='bbox 337 2044 533 2082; x_wconf 54' lang='lat' dir='ltr'>⁴praesentes</span> <span class='ocrx_word' id='word_1_204' title='bbox 553 2039 678 2072; x_wconf 86' lang='lat' dir='ltr'>litterae</span> <span class='ocrx_word' id='word_1_205' title='bbox 699 2038 818 2072; x_wconf 89' lang='lat' dir='ltr'>nullius</span> <span class='ocrx_word' id='word_1_206' title='bbox 836 2039 896 2072; x_wconf 91' lang='lat' dir='ltr'>sint</span> <span class='ocrx_word' id='word_1_207' title='bbox 911 2050 963 2072; x_wconf 87' lang='lat' dir='ltr'>ro-</span> 
     </span>
     <span class='ocr_line' id='line_1_46' title="bbox 217 2090 571 2125; baseline 0.011 -4"><span class='ocrx_word' id='word_1_208' title='bbox 217 2090 305 2123; x_wconf 87' lang='lat' dir='ltr'>boris</span> <span class='ocrx_word' id='word_1_209' title='bbox 330 2091 377 2124; x_wconf 90' lang='lat' dir='ltr'>vel</span> <span class='ocrx_word' id='word_1_210' title='bbox 403 2092 571 2125; x_wconf 87' lang='lat' dir='ltr'>momenti.</span> 
     </span>
    </p>

    <p class='ocr_par' dir='ltr' id='par_1_14' title="bbox 260 2143 537 2186">
     <span class='ocr_line' id='line_1_47' title="bbox 260 2143 537 2186; baseline 0.014 -11"><span class='ocrx_word' id='word_1_211' title='bbox 260 2143 345 2176; x_wconf 90' lang='lat' dir='ltr'>Nulli</span> <span class='ocrx_word' id='word_1_212' title='bbox 363 2154 458 2186; x_wconf 77' lang='lat' dir='ltr'>ergo,</span> <span class='ocrx_word' id='word_1_213' title='bbox 482 2150 537 2179; x_wconf 80' lang='lat' dir='ltr'>etc.</span> 
     </span>
    </p>

    <p class='ocr_par' dir='ltr' id='par_1_15' title="bbox 217 2197 963 2351">
     <span class='ocr_line' id='line_1_48' title="bbox 261 2197 959 2243; baseline 0.001 -13"><span class='ocrx_word' id='word_1_214' title='bbox 261 2197 376 2230; x_wconf 85' lang='lat' dir='ltr'>Datum</span> <span class='ocrx_word' id='word_1_215' title='bbox 398 2199 518 2232; x_wconf 90' lang='lat' dir='ltr'>Romae</span> <span class='ocrx_word' id='word_1_216' title='bbox 539 2200 625 2243; x_wconf 89' lang='lat' dir='ltr'>apud</span> <span class='ocrx_word' id='word_1_217' title='bbox 637 2200 790 2233; x_wconf 85' lang='lat' dir='ltr'>Sanctum</span> <span class='ocrx_word' id='word_1_218' title='bbox 805 2201 959 2240; x_wconf 88' lang='lat' dir='ltr'>Marcum,</span> 
     </span>
     <span class='ocr_line' id='line_1_49' title="bbox 217 2251 962 2286; baseline 0.003 -3"><span class='ocrx_word' id='word_1_219' title='bbox 217 2261 302 2284; x_wconf 89' lang='lat' dir='ltr'>anno</span> <span class='ocrx_word' id='word_1_220' title='bbox 328 2251 563 2285; x_wconf 86' lang='lat' dir='ltr'>lncarnationis</span> <span class='ocrx_word' id='word_1_221' title='bbox 582 2253 769 2286; x_wconf 85' lang='lat' dir='ltr'>Dominieae</span> <span class='ocrx_word' id='word_1_222' title='bbox 790 2253 962 2286; x_wconf 90' lang='lat' dir='ltr'>millesimo</span> 
     </span>
     <span class='ocr_line' id='line_1_50' title="bbox 218 2305 963 2351; baseline 0.003 -13"><span class='ocrx_word' id='word_1_223' title='bbox 218 2305 477 2348; x_wconf 80' lang='lat' dir='ltr'>quingentesimo</span> <span class='ocrx_word' id='word_1_224' title='bbox 498 2307 835 2350; x_wconf 74' lang='lat' dir='ltr'>nonagesimoquarto,</span> <span class='ocrx_word' id='word_1_225' title='bbox 851 2307 963 2351; x_wconf 90' lang='lat' dir='ltr'>quinto</span> 
     </span>
    </p>
   </div>
   <div class='ocr_carea' id='block_1_12' title="bbox 218 2358 963 2444">
    <p class='ocr_par' dir='ltr' id='par_1_16' title="bbox 218 2358 963 2444">
     <span class='ocr_line' id='line_1_51' title="bbox 218 2358 963 2403; baseline 0.004 -12"><span class='ocrx_word' id='word_1_226' title='bbox 218 2358 289 2391; x_wconf 90' lang='lat' dir='ltr'>idus</span> <span class='ocrx_word' id='word_1_227' title='bbox 304 2360 507 2403; x_wconf 85' lang='lat' dir='ltr'>septembris,</span> <span class='ocrx_word' id='word_1_228' title='bbox 532 2360 739 2403; x_wconf 82' lang='lat' dir='ltr'>pontificatus</span> <span class='ocrx_word' id='word_1_229' title='bbox 758 2360 856 2393; x_wconf 86' lang='lat' dir='ltr'>nostri</span> <span class='ocrx_word' id='word_1_230' title='bbox 878 2371 963 2394; x_wconf 87' lang='lat' dir='ltr'>anno</span> 
     </span>
     <span class='ocr_line' id='line_1_52' title="bbox 220 2411 325 2444; baseline 0.01 -1"><span class='ocrx_word' id='word_1_231' title='bbox 220 2411 325 2444; x_wconf 86' lang='lat' dir='ltr'>tertio.</span> 
     </span>
    </p>
   </div>
   <div class='ocr_carea' id='block_1_13' title="bbox 255 2483 873 2521">
    <p class='ocr_par' dir='ltr' id='par_1_17' title="bbox 255 2483 873 2521">
     <span class='ocr_line' id='line_1_53' title="bbox 255 2483 873 2521; baseline 0.005 -12"><span class='ocrx_word' id='word_1_232' title='bbox 255 2483 316 2510; x_wconf 84' lang='lat' dir='ltr'>Dat.</span> <span class='ocrx_word' id='word_1_233' title='bbox 333 2483 376 2511; x_wconf 85' lang='lat' dir='ltr'>die</span> <span class='ocrx_word' id='word_1_234' title='bbox 390 2485 406 2511; x_wconf 88' lang='lat'>9</span> <span class='ocrx_word' id='word_1_235' title='bbox 421 2485 568 2520; x_wconf 79' lang='lat' dir='ltr'>septembr.</span> <span class='ocrx_word' id='word_1_236' title='bbox 589 2485 665 2519; x_wconf 74' lang='lat'>1594,</span> <span class='ocrx_word' id='word_1_237' title='bbox 683 2489 757 2521; x_wconf 81' lang='lat' dir='ltr'>pont.</span> <span class='ocrx_word' id='word_1_238' title='bbox 774 2493 818 2513; x_wconf 84' lang='lat' dir='ltr'>an.</span> <span class='ocrx_word' id='word_1_239' title='bbox 834 2492 873 2512; x_wconf 78' lang='grc' dir='ltr'>ιιι.</span> 
     </span>
    </p>
   </div>
   <div class='ocr_carea' id='block_1_14' title="bbox 265 2610 917 2708">
    <p class='ocr_par' dir='ltr' id='par_1_18' title="bbox 265 2610 917 2708">
     <span class='ocr_line' id='line_1_54' title="bbox 265 2610 917 2653; baseline 0.005 -11"><span class='ocrx_word' id='word_1_240' title='bbox 265 2610 421 2653; x_wconf 77' lang='lat' dir='ltr'>Sequitur</span> <span class='ocrx_word' id='word_1_241' title='bbox 439 2610 609 2644; x_wconf 78' lang='lat' dir='ltr'>indultum</span> <span class='ocrx_word' id='word_1_242' title='bbox 631 2611 795 2645; x_wconf 79' lang='lat' dir='ltr'>liberandi</span> <span class='ocrx_word' id='word_1_243' title='bbox 814 2623 917 2645; x_wconf 79' lang='lat' dir='ltr'>unum</span> 
     </span>
     <span class='ocr_line' id='line_1_55' title="bbox 471 2673 730 2708; baseline 0.008 -3"><span class='ocrx_word' id='word_1_244' title='bbox 471 2673 717 2708; x_wconf 61' lang='lat' dir='ltr'>romlem‘natum</span> <span class='ocrx_word' id='word_1_245' title='bbox 727 2703 730 2707; x_wconf 95' lang='lat'><em>.</em></span> 
     </span>
    </p>
   </div>
   <div class='ocr_carea' id='block_1_15' title="bbox 1126 369 1586 477">
    <p class='ocr_par' dir='ltr' id='par_1_19' title="bbox 1126 369 1586 477">
     <span class='ocr_line' id='line_1_56' title="bbox 1126 369 1586 405; baseline -0.007 -6"><span class='ocrx_word' id='word_1_246' title='bbox 1126 372 1155 399; x_wconf 82' lang='lat' dir='ltr'>B.</span> <span class='ocrx_word' id='word_1_247' title='bbox 1175 372 1212 399; x_wconf 92' lang='lat' dir='ltr'>M.</span> <span class='ocrx_word' id='word_1_248' title='bbox 1238 372 1272 398; x_wconf 86' lang='lat' dir='ltr'>de</span> <span class='ocrx_word' id='word_1_249' title='bbox 1290 369 1434 405; x_wconf 71' lang='lat' dir='ltr'>Suffragia</span> <span class='ocrx_word' id='word_1_250' title='bbox 1455 370 1490 397; x_wconf 88' lang='lat' dir='ltr'>de</span> <span class='ocrx_word' id='word_1_251' title='bbox 1511 370 1586 397; x_wconf 84' lang='lat' dir='ltr'>Urbe</span> 
     </span>
     <span class='ocr_line' id='line_1_57' title="bbox 1168 435 1545 477; baseline -0.005 -10"><span class='ocrx_word' id='word_1_252' title='bbox 1168 437 1324 467; x_wconf 80' lang='lat' dir='ltr'>Clemens</span> <span class='ocrx_word' id='word_1_253' title='bbox 1341 437 1434 477; x_wconf 76' lang='lat' dir='ltr'>Papa</span> <span class='ocrx_word' id='word_1_254' title='bbox 1453 435 1545 465; x_wconf 84' lang='lat' dir='ltr'>VIII.</span> 
     </span>
    </p>
   </div>
   <div class='ocr_carea' id='block_1_16' title="bbox 1060 512 1662 595">
    <p class='ocr_par' dir='ltr' id='par_1_20' title="bbox 1060 512 1662 595">
     <span class='ocr_line' id='line_1_58' title="bbox 1060 512 1662 547; baseline 0 -8"><span class='ocrx_word' id='word_1_255' title='bbox 1060 513 1168 540; x_wconf 82' lang='lat' dir='ltr'>Dilecti</span> <span class='ocrx_word' id='word_1_256' title='bbox 1184 513 1250 546; x_wconf 91' lang='lat' dir='ltr'>filii,</span> <span class='ocrx_word' id='word_1_257' title='bbox 1267 515 1396 541; x_wconf 82' lang='lat' dir='ltr'>salutem</span> <span class='ocrx_word' id='word_1_258' title='bbox 1421 516 1452 540; x_wconf 84' lang='lat' dir='ltr'>et</span> <span class='ocrx_word' id='word_1_259' title='bbox 1467 512 1662 547; x_wconf 84' lang='lat' dir='ltr'>apostolicam</span> 
     </span>
     <span class='ocr_line' id='line_1_59' title="bbox 1236 568 1486 595; baseline -0.004 0"><span class='ocrx_word' id='word_1_260' title='bbox 1236 568 1486 595; x_wconf 82' lang='lat' dir='ltr'>benedictionem.</span> 
     </span>
    </p>
   </div>
   <div class='ocr_carea' id='block_1_17' title="bbox 990 639 1743 2719">
    <p class='ocr_par' dir='ltr' id='par_1_21' title="bbox 990 639 1735 950">
     <span class='ocr_line' id='line_1_60' title="bbox 1034 639 1733 672; baseline 0 -1"><span class='ocrx_word' id='word_1_261' title='bbox 1034 639 1103 671; x_wconf 83' lang='lat' dir='ltr'>Pias</span> <span class='ocrx_word' id='word_1_262' title='bbox 1125 639 1381 672; x_wconf 76' lang='lat' dir='ltr'>christifidelium</span> <span class='ocrx_word' id='word_1_263' title='bbox 1403 639 1571 672; x_wconf 78' lang='lat' dir='ltr'>societates</span> <span class='ocrx_word' id='word_1_264' title='bbox 1592 640 1631 671; x_wconf 89' lang='lat' dir='ltr'>ad</span> <span class='ocrx_word' id='word_1_265' title='bbox 1657 639 1733 671; x_wconf 82' lang='lat' dir='ltr'>cba-</span> 
     </span>
     <span class='ocr_line' id='line_1_61' title="bbox 990 693 1732 736; baseline 0 -11"><span class='ocrx_word' id='word_1_266' title='bbox 990 693 1091 726; x_wconf 88' lang='lat' dir='ltr'>ritatis</span> <span class='ocrx_word' id='word_1_267' title='bbox 1111 703 1210 736; x_wconf 88' lang='lat' dir='ltr'>opera</span> <span class='ocrx_word' id='word_1_268' title='bbox 1231 693 1411 725; x_wconf 88' lang='lat' dir='ltr'>exercenda</span> <span class='ocrx_word' id='word_1_269' title='bbox 1429 693 1584 725; x_wconf 76' lang='lat' dir='ltr'>canonice</span> <span class='ocrx_word' id='word_1_270' title='bbox 1606 693 1732 725; x_wconf 87' lang='lat' dir='ltr'>institu-</span> 
     </span>
     <span class='ocr_line' id='line_1_62' title="bbox 991 745 1734 789; baseline 0 -11"><span class='ocrx_word' id='word_1_271' title='bbox 991 752 1057 785; x_wconf 89' lang='lat' dir='ltr'>tas,</span> <span class='ocrx_word' id='word_1_272' title='bbox 1088 751 1123 778; x_wconf 90' lang='lat' dir='ltr'>ut</span> <span class='ocrx_word' id='word_1_273' title='bbox 1147 745 1178 778; x_wconf 89' lang='lat' dir='ltr'>in</span> <span class='ocrx_word' id='word_1_274' title='bbox 1208 746 1396 778; x_wconf 86' lang='lat' dir='ltr'>eorumdem</span> <span class='ocrx_word' id='word_1_275' title='bbox 1419 756 1554 789; x_wconf 86' lang='lat' dir='ltr'>operum</span> <span class='ocrx_word' id='word_1_276' title='bbox 1583 745 1734 778; x_wconf 81' lang='lat' dir='ltr'>exercitio</span> 
     </span>
     <span class='ocr_line' id='line_1_63' title="bbox 991 799 1735 842; baseline 0 -11"><span class='ocrx_word' id='word_1_277' title='bbox 991 800 1092 842; x_wconf 72' lang='lat' dir='ltr'>magis</span> <span class='ocrx_word' id='word_1_278' title='bbox 1107 800 1349 839; x_wconf 75' lang='lat' dir='ltr'>confoveantur,</span> <span class='ocrx_word' id='word_1_279' title='bbox 1362 799 1555 842; x_wconf 77' lang='lat' dir='ltr'>specialibus</span> <span class='ocrx_word' id='word_1_280' title='bbox 1574 799 1735 832; x_wconf 86' lang='lat' dir='ltr'>favoribus</span> 
     </span>
     <span class='ocr_line' id='line_1_64' title="bbox 991 852 1734 896; baseline 0.001 -12"><span class='ocrx_word' id='word_1_281' title='bbox 991 858 1020 885; x_wconf 85' lang='lat' dir='ltr'>et</span> <span class='ocrx_word' id='word_1_282' title='bbox 1041 852 1150 895; x_wconf 71' lang='lat' dir='ltr'>gratiis</span> <span class='ocrx_word' id='word_1_283' title='bbox 1169 853 1307 885; x_wconf 83' lang='lat' dir='ltr'>libenter</span> <span class='ocrx_word' id='word_1_284' title='bbox 1324 852 1565 896; x_wconf 84' lang='lat' dir='ltr'>prosequimur,</span> <span class='ocrx_word' id='word_1_285' title='bbox 1589 858 1687 896; x_wconf 86' lang='lat' dir='ltr'>prout</span> <span class='ocrx_word' id='word_1_286' title='bbox 1704 852 1734 885; x_wconf 92' lang='lat' dir='ltr'>in</span> 
     </span>
     <span class='ocr_line' id='line_1_65' title="bbox 990 906 1731 950; baseline 0.003 -12"><span class='ocrx_word' id='word_1_287' title='bbox 990 906 1126 939; x_wconf 89' lang='lat' dir='ltr'>Domino</span> <span class='ocrx_word' id='word_1_288' title='bbox 1144 906 1317 939; x_wconf 83' lang='lat' dir='ltr'>salubriter</span> <span class='ocrx_word' id='word_1_289' title='bbox 1337 907 1554 950; x_wconf 83' lang='lat' dir='ltr'>conspirimus</span> <span class='ocrx_word' id='word_1_290' title='bbox 1571 907 1731 950; x_wconf 86' lang='lat' dir='ltr'>expedire.</span> 
     </span>
    </p>

    <p class='ocr_par' dir='ltr' id='par_1_22' title="bbox 991 960 1743 2719">
     <span class='ocr_line' id='line_1_66' title="bbox 1036 960 1734 1001; baseline 0.001 -9"><span class='ocrx_word' id='word_1_291' title='bbox 1036 961 1051 1001; x_wconf 70' lang='grc' dir='ltr'>ξ</span> <span class='ocrx_word' id='word_1_292' title='bbox 1074 960 1103 992; x_wconf 72' lang='grc'>’1.</span> <span class='ocrx_word' id='word_1_293' title='bbox 1121 960 1259 993; x_wconf 87' lang='lat' dir='ltr'>Proinde</span> <span class='ocrx_word' id='word_1_294' title='bbox 1281 966 1417 992; x_wconf 74' lang='lat' dir='ltr'>vestram</span> <span class='ocrx_word' id='word_1_295' title='bbox 1438 960 1734 993; x_wconf 79' lang='lat' dir='ltr'>confraternitatem</span> 
     </span>
     <span class='ocr_line' id='line_1_67' title="bbox 991 1013 1734 1058; baseline 0.001 -12"><span class='ocrx_word' id='word_1_296' title='bbox 991 1014 1139 1057; x_wconf 82' lang='lat' dir='ltr'>specialis</span> <span class='ocrx_word' id='word_1_297' title='bbox 1159 1014 1279 1056; x_wconf 68' lang='lat' dir='ltr'>gratiae</span> <span class='ocrx_word' id='word_1_298' title='bbox 1294 1015 1402 1047; x_wconf 80' lang='lat' dir='ltr'>favore</span> <span class='ocrx_word' id='word_1_299' title='bbox 1423 1013 1561 1056; x_wconf 69' lang='lat' dir='ltr'>benigne</span> <span class='ocrx_word' id='word_1_300' title='bbox 1581 1015 1734 1058; x_wconf 85' lang='lat' dir='ltr'>prosequi</span> 
     </span>
     <span class='ocr_line' id='line_1_68' title="bbox 992 1066 1734 1110; baseline 0 -11"><span class='ocrx_word' id='word_1_301' title='bbox 992 1067 1156 1105; x_wconf 83' lang='lat' dir='ltr'>volentes,</span> <span class='ocrx_word' id='word_1_302' title='bbox 1181 1078 1218 1100; x_wconf 85' lang='lat' dir='ltr'>ae.</span> <span class='ocrx_word' id='word_1_303' title='bbox 1245 1077 1300 1100; x_wconf 81' lang='lat' dir='ltr'>vos</span> <span class='ocrx_word' id='word_1_304' title='bbox 1330 1073 1356 1099; x_wconf 88' lang='lat' dir='ltr'>et</span> <span class='ocrx_word' id='word_1_305' title='bbox 1386 1066 1563 1110; x_wconf 85' lang='lat' dir='ltr'>quemlibet</span> <span class='ocrx_word' id='word_1_306' title='bbox 1595 1072 1734 1100; x_wconf 75' lang='lat' dir='ltr'>vestrum</span> 
     </span>
     <span class='ocr_line' id='line_1_69' title="bbox 992 1120 1735 1163; baseline 0 -11"><span class='ocrx_word' id='word_1_307' title='bbox 992 1132 1009 1152; x_wconf 83' lang='lat' dir='ltr'>a</span> <span class='ocrx_word' id='word_1_308' title='bbox 1028 1120 1193 1163; x_wconf 76' lang='lat' dir='ltr'>quibusvis</span> <span class='ocrx_word' id='word_1_309' title='bbox 1213 1120 1558 1153; x_wconf 85' lang='lat' dir='ltr'>excommunicationis</span> <span class='ocrx_word' id='word_1_310' title='bbox 1574 1148 1580 1159; x_wconf 90' lang='lat'>,</span> <span class='ocrx_word' id='word_1_311' title='bbox 1615 1131 1735 1163; x_wconf 85' lang='lat' dir='ltr'>supen-</span> 
     </span>
     <span class='ocr_line' id='line_1_70' title="bbox 992 1173 1737 1217; baseline 0 -11"><span class='ocrx_word' id='word_1_312' title='bbox 992 1173 1091 1206; x_wconf 87' lang='lat' dir='ltr'>sionis</span> <span class='ocrx_word' id='word_1_313' title='bbox 1109 1179 1140 1207; x_wconf 89' lang='lat' dir='ltr'>ct</span> <span class='ocrx_word' id='word_1_314' title='bbox 1159 1173 1334 1213; x_wconf 83' lang='lat' dir='ltr'>interdicti,</span> <span class='ocrx_word' id='word_1_315' title='bbox 1358 1173 1493 1217; x_wconf 88' lang='lat' dir='ltr'>aliisque</span> <span class='ocrx_word' id='word_1_316' title='bbox 1514 1173 1737 1206; x_wconf 83' lang='lat' dir='ltr'>ecclesiasticis</span> 
     </span>
     <span class='ocr_line' id='line_1_71' title="bbox 992 1226 1737 1271; baseline -0.001 -11"><span class='ocrx_word' id='word_1_317' title='bbox 992 1227 1168 1267; x_wconf 86' lang='lat' dir='ltr'>sententiis,</span> <span class='ocrx_word' id='word_1_318' title='bbox 1197 1227 1341 1259; x_wconf 88' lang='lat' dir='ltr'>censuris</span> <span class='ocrx_word' id='word_1_319' title='bbox 1361 1232 1392 1259; x_wconf 89' lang='lat' dir='ltr'>et</span> <span class='ocrx_word' id='word_1_320' title='bbox 1416 1227 1540 1271; x_wconf 86' lang='lat' dir='ltr'>poenis,</span> <span class='ocrx_word' id='word_1_321' title='bbox 1569 1237 1586 1259; x_wconf 91' lang='lat' dir='ltr'>a</span> <span class='ocrx_word' id='word_1_322' title='bbox 1608 1226 1675 1259; x_wconf 91' lang='lat' dir='ltr'>iure</span> <span class='ocrx_word' id='word_1_323' title='bbox 1690 1228 1737 1260; x_wconf 84' lang='lat' dir='ltr'>vel</span> 
     </span>
     <span class='ocr_line' id='line_1_72' title="bbox 993 1280 1735 1325; baseline -0.001 -12"><span class='ocrx_word' id='word_1_324' title='bbox 993 1281 1032 1313; x_wconf 88' lang='lat' dir='ltr'>ab</span> <span class='ocrx_word' id='word_1_325' title='bbox 1058 1281 1189 1314; x_wconf 87' lang='lat' dir='ltr'>homine</span> <span class='ocrx_word' id='word_1_326' title='bbox 1203 1308 1210 1322; x_wconf 92' lang='lat'>,</span> <span class='ocrx_word' id='word_1_327' title='bbox 1234 1280 1344 1325; x_wconf 81' lang='lat' dir='ltr'>quavis</span> <span class='ocrx_word' id='word_1_328' title='bbox 1371 1280 1540 1313; x_wconf 87' lang='lat' dir='ltr'>occasione</span> <span class='ocrx_word' id='word_1_329' title='bbox 1561 1281 1609 1313; x_wconf 89' lang='lat' dir='ltr'>vel</span> <span class='ocrx_word' id='word_1_330' title='bbox 1630 1291 1735 1318; x_wconf 86' lang='lat' dir='ltr'>causa,</span> 
     </span>
     <span class='ocr_line' id='line_1_73' title="bbox 993 1334 1737 1379; baseline -0.003 -11"><span class='ocrx_word' id='word_1_331' title='bbox 993 1335 1083 1373; x_wconf 81' lang='lat' dir='ltr'>latis,</span> <span class='ocrx_word' id='word_1_332' title='bbox 1114 1335 1139 1368; x_wconf 92' lang='lat' dir='ltr'>si</span> <span class='ocrx_word' id='word_1_333' title='bbox 1167 1335 1284 1378; x_wconf 89' lang='lat' dir='ltr'>quibus</span> <span class='ocrx_word' id='word_1_334' title='bbox 1315 1335 1561 1379; x_wconf 86' lang='lat' dir='ltr'>quomodolibet</span> <span class='ocrx_word' id='word_1_335' title='bbox 1594 1334 1737 1367; x_wconf 87' lang='lat' dir='ltr'>innodati</span> 
     </span>
     <span class='ocr_line' id='line_1_74' title="bbox 994 1388 1739 1433; baseline -0.001 -12"><span class='ocrx_word' id='word_1_336' title='bbox 994 1389 1147 1428; x_wconf 76' lang='lat' dir='ltr'>existitis,</span> <span class='ocrx_word' id='word_1_337' title='bbox 1177 1390 1217 1422; x_wconf 86' lang='lat' dir='ltr'>ad</span> <span class='ocrx_word' id='word_1_338' title='bbox 1235 1389 1384 1422; x_wconf 70' lang='lat' dir='ltr'>effectum</span> <span class='ocrx_word' id='word_1_339' title='bbox 1404 1388 1621 1433; x_wconf 84' lang='lat' dir='ltr'>praesentium</span> <span class='ocrx_word' id='word_1_340' title='bbox 1647 1388 1739 1420; x_wconf 81' lang='lat' dir='ltr'>duin-</span> 
     </span>
     <span class='ocr_line' id='line_1_75' title="bbox 994 1442 1739 1487; baseline -0.003 -11"><span class='ocrx_word' id='word_1_341' title='bbox 994 1449 1077 1476; x_wconf 83' lang='lat' dir='ltr'>taxat</span> <span class='ocrx_word' id='word_1_342' title='bbox 1099 1444 1363 1487; x_wconf 84' lang='lat' dir='ltr'>consequendum</span> <span class='ocrx_word' id='word_1_343' title='bbox 1392 1443 1505 1475; x_wconf 86' lang='lat' dir='ltr'>barum</span> <span class='ocrx_word' id='word_1_344' title='bbox 1530 1442 1612 1475; x_wconf 86' lang='lat' dir='ltr'>serie</span> <span class='ocrx_word' id='word_1_345' title='bbox 1633 1442 1739 1474; x_wconf 87' lang='lat' dir='ltr'>absol-</span> 
     </span>
     <span class='ocr_line' id='line_1_76' title="bbox 994 1497 1739 1539; baseline -0.004 -10"><span class='ocrx_word' id='word_1_346' title='bbox 994 1502 1115 1537; x_wconf 84' lang='lat' dir='ltr'>ventes,</span> <span class='ocrx_word' id='word_1_347' title='bbox 1137 1503 1165 1529; x_wconf 90' lang='lat' dir='ltr'>et</span> <span class='ocrx_word' id='word_1_348' title='bbox 1188 1497 1353 1530; x_wconf 86' lang='lat' dir='ltr'>absolutos</span> <span class='ocrx_word' id='word_1_349' title='bbox 1376 1497 1443 1529; x_wconf 89' lang='lat' dir='ltr'>sore</span> <span class='ocrx_word' id='word_1_350' title='bbox 1464 1501 1642 1536; x_wconf 79' lang='lat' dir='ltr'>censentes,</span> <span class='ocrx_word' id='word_1_351' title='bbox 1666 1506 1739 1539; x_wconf 90' lang='lat' dir='ltr'>sup-</span> 
     </span>
     <span class='ocr_line' id='line_1_77' title="bbox 994 1549 1740 1594; baseline -0.003 -11"><span class='ocrx_word' id='word_1_352' title='bbox 994 1550 1223 1594; x_wconf 84' lang='lat' dir='ltr'>plicationibus</span> <span class='ocrx_word' id='word_1_353' title='bbox 1248 1557 1354 1584; x_wconf 82' lang='lat' dir='ltr'>vestro</span> <span class='ocrx_word' id='word_1_354' title='bbox 1376 1551 1507 1584; x_wconf 84' lang='lat' dir='ltr'>nornine</span> <span class='ocrx_word' id='word_1_355' title='bbox 1521 1550 1614 1583; x_wconf 86' lang='lat' dir='ltr'>nobis</span> <span class='ocrx_word' id='word_1_356' title='bbox 1634 1549 1740 1581; x_wconf 86' lang='lat' dir='ltr'>humi-</span> 
     </span>
     <span class='ocr_line' id='line_1_78' title="bbox 995 1603 1739 1647; baseline -0.001 -11"><span class='ocrx_word' id='word_1_357' title='bbox 995 1604 1067 1636; x_wconf 88' lang='lat' dir='ltr'>liter</span> <span class='ocrx_word' id='word_1_358' title='bbox 1087 1604 1245 1647; x_wconf 80' lang='lat' dir='ltr'>porrectis</span> <span class='ocrx_word' id='word_1_359' title='bbox 1271 1604 1426 1642; x_wconf 80' lang='lat' dir='ltr'>inclinati,</span> <span class='ocrx_word' id='word_1_360' title='bbox 1445 1603 1534 1636; x_wconf 82' lang='lat' dir='ltr'>vobis</span> <span class='ocrx_word' id='word_1_361' title='bbox 1552 1608 1739 1646; x_wconf 75' lang='lat' dir='ltr'>vestraeque</span> 
     </span>
     <span class='ocr_line' id='line_1_79' title="bbox 995 1656 1740 1699; baseline -0.003 -9"><span class='ocrx_word' id='word_1_362' title='bbox 995 1657 1261 1698; x_wconf 86' lang='lat' dir='ltr'>confraternitati,</span> <span class='ocrx_word' id='word_1_363' title='bbox 1286 1664 1321 1690; x_wconf 89' lang='lat' dir='ltr'>ut</span> <span class='ocrx_word' id='word_1_364' title='bbox 1341 1657 1475 1699; x_wconf 71' lang='lat' dir='ltr'>singulis</span> <span class='ocrx_word' id='word_1_365' title='bbox 1496 1656 1588 1689; x_wconf 88' lang='lat' dir='ltr'>annis</span> <span class='ocrx_word' id='word_1_366' title='bbox 1608 1656 1639 1689; x_wconf 90' lang='lat' dir='ltr'>in</span> <span class='ocrx_word' id='word_1_367' title='bbox 1661 1656 1740 1689; x_wconf 85' lang='lat' dir='ltr'>sesto</span> 
     </span>
     <span class='ocr_line' id='line_1_80' title="bbox 994 1706 1739 1751; baseline -0.001 -8"><span class='ocrx_word' id='word_1_368' title='bbox 994 1710 1145 1744; x_wconf 89' lang='lat' dir='ltr'>Omnium</span> <span class='ocrx_word' id='word_1_369' title='bbox 1171 1706 1386 1751; x_wconf 82' lang='lat' dir='ltr'>Sanctorum,</span> <span class='ocrx_word' id='word_1_370' title='bbox 1414 1712 1462 1744; x_wconf 76' lang='lat' dir='ltr'>vel</span> <span class='ocrx_word' id='word_1_371' title='bbox 1488 1711 1519 1743; x_wconf 93' lang='lat' dir='ltr'>in</span> <span class='ocrx_word' id='word_1_372' title='bbox 1545 1716 1631 1743; x_wconf 87' lang='lat' dir='ltr'>sexta</span> <span class='ocrx_word' id='word_1_373' title='bbox 1663 1710 1739 1743; x_wconf 87' lang='lat' dir='ltr'>feria</span> 
     </span>
     <span class='ocr_line' id='line_1_81' title="bbox 997 1764 1741 1805; baseline 0 -9"><span class='ocrx_word' id='word_1_374' title='bbox 997 1765 1127 1798; x_wconf 88' lang='lat' dir='ltr'>maioris</span> <span class='ocrx_word' id='word_1_375' title='bbox 1148 1765 1384 1805; x_wconf 84' lang='lat' dir='ltr'>hebdomadae,</span> <span class='ocrx_word' id='word_1_376' title='bbox 1405 1765 1539 1797; x_wconf 84' lang='lat' dir='ltr'>arbitrio</span> <span class='ocrx_word' id='word_1_377' title='bbox 1561 1770 1664 1797; x_wconf 75' lang='lat' dir='ltr'>vestro</span> <span class='ocrx_word' id='word_1_378' title='bbox 1685 1764 1741 1797; x_wconf 87' lang='lat' dir='ltr'>eli-</span> 
     </span>
     <span class='ocr_line' id='line_1_82' title="bbox 995 1817 1737 1862; baseline 0 -11"><span class='ocrx_word' id='word_1_379' title='bbox 995 1819 1136 1860; x_wconf 67' lang='lat' dir='ltr'>gendum</span> <span class='ocrx_word' id='word_1_380' title='bbox 1169 1829 1270 1852; x_wconf 86' lang='lat' dir='ltr'>unuin</span> <span class='ocrx_word' id='word_1_381' title='bbox 1311 1829 1414 1857; x_wconf 84' lang='lat' dir='ltr'>reum,</span> <span class='ocrx_word' id='word_1_382' title='bbox 1450 1829 1546 1861; x_wconf 85' lang='lat' dir='ltr'>quem</span> <span class='ocrx_word' id='word_1_383' title='bbox 1568 1817 1737 1862; x_wconf 81' lang='lat' dir='ltr'>petieritis,</span> 
     </span>
     <span class='ocr_line' id='line_1_83' title="bbox 996 1872 1741 1915; baseline -0.003 -10"><span class='ocrx_word' id='word_1_384' title='bbox 996 1878 1023 1905; x_wconf 87' lang='lat' dir='ltr'>ct</span> <span class='ocrx_word' id='word_1_385' title='bbox 1051 1883 1068 1904; x_wconf 90' lang='lat' dir='ltr'>a</span> <span class='ocrx_word' id='word_1_386' title='bbox 1089 1872 1206 1905; x_wconf 88' lang='lat' dir='ltr'>dilecto</span> <span class='ocrx_word' id='word_1_387' title='bbox 1227 1872 1293 1905; x_wconf 91' lang='lat' dir='ltr'>silio</span> <span class='ocrx_word' id='word_1_388' title='bbox 1315 1878 1436 1910; x_wconf 81' lang='lat' dir='ltr'>nostro,</span> <span class='ocrx_word' id='word_1_389' title='bbox 1466 1877 1496 1904; x_wconf 87' lang='lat' dir='ltr'>et</span> <span class='ocrx_word' id='word_1_390' title='bbox 1515 1881 1573 1915; x_wconf 85' lang='lat' dir='ltr'>pro</span> <span class='ocrx_word' id='word_1_391' title='bbox 1596 1876 1741 1915; x_wconf 86' lang='lat' dir='ltr'>tempore</span> 
     </span>
     <span class='ocr_line' id='line_1_84' title="bbox 997 1924 1741 1967; baseline -0.003 -9"><span class='ocrx_word' id='word_1_392' title='bbox 997 1925 1149 1959; x_wconf 85' lang='lat' dir='ltr'>existente</span> <span class='ocrx_word' id='word_1_393' title='bbox 1177 1926 1280 1958; x_wconf 86' lang='lat' dir='ltr'>almae</span> <span class='ocrx_word' id='word_1_394' title='bbox 1301 1925 1395 1958; x_wconf 83' lang='lat' dir='ltr'>Urbis</span> <span class='ocrx_word' id='word_1_395' title='bbox 1415 1925 1632 1967; x_wconf 64' lang='lat' dir='ltr'>gubernatore</span> <span class='ocrx_word' id='word_1_396' title='bbox 1656 1924 1741 1957; x_wconf 87' lang='lat' dir='ltr'>obti-</span> 
     </span>
     <span class='ocr_line' id='line_1_85' title="bbox 996 1978 1742 2022; baseline -0.003 -11"><span class='ocrx_word' id='word_1_397' title='bbox 996 1978 1141 2019; x_wconf 84' lang='lat' dir='ltr'>nueritis,</span> <span class='ocrx_word' id='word_1_398' title='bbox 1164 1978 1292 2022; x_wconf 84' lang='lat' dir='ltr'>capitali</span> <span class='ocrx_word' id='word_1_399' title='bbox 1306 1989 1411 2022; x_wconf 91' lang='lat' dir='ltr'>poena</span> <span class='ocrx_word' id='word_1_400' title='bbox 1429 1978 1675 2021; x_wconf 85' lang='lat' dir='ltr'>(praeterquam</span> <span class='ocrx_word' id='word_1_401' title='bbox 1690 1988 1742 2010; x_wconf 87' lang='lat' dir='ltr'>oc-</span> 
     </span>
     <span class='ocr_line' id='line_1_86' title="bbox 997 2031 1742 2072; baseline -0.003 -7"><span class='ocrx_word' id='word_1_402' title='bbox 997 2033 1125 2065; x_wconf 88' lang='lat' dir='ltr'>casione</span> <span class='ocrx_word' id='word_1_403' title='bbox 1146 2032 1290 2065; x_wconf 86' lang='lat' dir='ltr'>criminis</span> <span class='ocrx_word' id='word_1_404' title='bbox 1316 2033 1419 2065; x_wconf 86' lang='lat' dir='ltr'>laesae</span> <span class='ocrx_word' id='word_1_405' title='bbox 1446 2031 1632 2072; x_wconf 82' lang='lat' dir='ltr'>maiestatis,</span> <span class='ocrx_word' id='word_1_406' title='bbox 1658 2031 1742 2064; x_wconf 89' lang='lat' dir='ltr'>salsi-</span> 
     </span>
     <span class='ocr_line' id='line_1_87' title="bbox 996 2085 1743 2129; baseline -0.003 -11"><span class='ocrx_word' id='word_1_407' title='bbox 996 2086 1156 2119; x_wconf 86' lang='lat' dir='ltr'>ficationis</span> <span class='ocrx_word' id='word_1_408' title='bbox 1185 2092 1355 2125; x_wconf 84' lang='lat' dir='ltr'>monetae,</span> <span class='ocrx_word' id='word_1_409' title='bbox 1386 2091 1440 2118; x_wconf 91' lang='lat' dir='ltr'>aut</span> <span class='ocrx_word' id='word_1_410' title='bbox 1461 2085 1639 2118; x_wconf 80' lang='lat' dir='ltr'>litterarum</span> <span class='ocrx_word' id='word_1_411' title='bbox 1665 2096 1743 2129; x_wconf 88' lang='lat' dir='ltr'>apo-</span> 
     </span>
     <span class='ocr_line' id='line_1_88' title="bbox 996 2138 1742 2181; baseline -0.001 -9"><span class='ocrx_word' id='word_1_412' title='bbox 996 2139 1195 2179; x_wconf 86' lang='lat' dir='ltr'>stolicarum,</span> <span class='ocrx_word' id='word_1_413' title='bbox 1220 2139 1392 2179; x_wconf 87' lang='lat' dir='ltr'>assassinii,</span> <span class='ocrx_word' id='word_1_414' title='bbox 1414 2144 1468 2171; x_wconf 88' lang='lat' dir='ltr'>aut</span> <span class='ocrx_word' id='word_1_415' title='bbox 1494 2138 1666 2181; x_wconf 70' lang='lat' dir='ltr'>sacrilegii)</span> <span class='ocrx_word' id='word_1_416' title='bbox 1688 2138 1742 2171; x_wconf 84' lang='lat' dir='ltr'>da-</span> 
     </span>
     <span class='ocr_line' id='line_1_89' title="bbox 997 2192 1741 2230; baseline -0.003 -5"><span class='ocrx_word' id='word_1_417' title='bbox 997 2199 1142 2226; x_wconf 85' lang='lat' dir='ltr'>mnatum</span> <span class='ocrx_word' id='word_1_418' title='bbox 1163 2193 1302 2226; x_wconf 88' lang='lat' dir='ltr'>liberare</span> <span class='ocrx_word' id='word_1_419' title='bbox 1323 2199 1353 2226; x_wconf 88' lang='lat' dir='ltr'>et</span> <span class='ocrx_word' id='word_1_420' title='bbox 1371 2193 1547 2230; x_wconf 75' lang='lat' dir='ltr'>absolvere,</span> <span class='ocrx_word' id='word_1_421' title='bbox 1564 2192 1741 2225; x_wconf 82' lang='lat' dir='ltr'>dummodo</span> 
     </span>
     <span class='ocr_line' id='line_1_90' title="bbox 996 2244 1742 2290; baseline -0.001 -12"><span class='ocrx_word' id='word_1_422' title='bbox 996 2252 1103 2278; x_wconf 87' lang='lat' dir='ltr'>tamen</span> <span class='ocrx_word' id='word_1_423' title='bbox 1124 2257 1237 2290; x_wconf 87' lang='lat' dir='ltr'>pacem</span> <span class='ocrx_word' id='word_1_424' title='bbox 1258 2246 1297 2279; x_wconf 88' lang='lat' dir='ltr'>ab</span> <span class='ocrx_word' id='word_1_425' title='bbox 1312 2246 1441 2279; x_wconf 77' lang='lat' dir='ltr'>offensis</span> <span class='ocrx_word' id='word_1_426' title='bbox 1461 2244 1621 2282; x_wconf 81' lang='lat' dir='ltr'>babuerit,</span> <span class='ocrx_word' id='word_1_427' title='bbox 1643 2245 1742 2278; x_wconf 86' lang='lat' dir='ltr'>libere</span> 
     </span>
     <span class='ocr_line' id='line_1_91' title="bbox 997 2298 1742 2341; baseline -0.001 -10"><span class='ocrx_word' id='word_1_428' title='bbox 997 2304 1027 2331; x_wconf 89' lang='lat' dir='ltr'>et</span> <span class='ocrx_word' id='word_1_429' title='bbox 1046 2298 1131 2332; x_wconf 89' lang='lat' dir='ltr'>licite</span> <span class='ocrx_word' id='word_1_430' title='bbox 1161 2299 1313 2336; x_wconf 86' lang='lat' dir='ltr'>valeatis,</span> <span class='ocrx_word' id='word_1_431' title='bbox 1344 2299 1533 2332; x_wconf 83' lang='lat' dir='ltr'>auctoritate</span> <span class='ocrx_word' id='word_1_432' title='bbox 1566 2298 1742 2341; x_wconf 85' lang='lat' dir='ltr'>apostolica</span> 
     </span>
     <span class='ocr_line' id='line_1_92' title="bbox 998 2352 1742 2396; baseline -0.001 -11"><span class='ocrx_word' id='word_1_433' title='bbox 998 2358 1110 2385; x_wconf 89' lang='lat' dir='ltr'>tenore</span> <span class='ocrx_word' id='word_1_434' title='bbox 1128 2353 1359 2396; x_wconf 88' lang='lat' dir='ltr'>praesentium,</span> <span class='ocrx_word' id='word_1_435' title='bbox 1378 2352 1562 2385; x_wconf 79' lang='lat' dir='ltr'>facultatem</span> <span class='ocrx_word' id='word_1_436' title='bbox 1584 2357 1615 2384; x_wconf 88' lang='lat' dir='ltr'>et</span> <span class='ocrx_word' id='word_1_437' title='bbox 1632 2357 1742 2384; x_wconf 80' lang='lat' dir='ltr'>aucto-</span> 
     </span>
     <span class='ocr_line' id='line_1_93' title="bbox 997 2407 1740 2450; baseline 0 -11"><span class='ocrx_word' id='word_1_438' title='bbox 997 2407 1123 2440; x_wconf 88' lang='lat' dir='ltr'>ritatein</span> <span class='ocrx_word' id='word_1_439' title='bbox 1138 2407 1357 2440; x_wconf 87' lang='lat' dir='ltr'>concedimus.</span> <span class='ocrx_word' id='word_1_440' title='bbox 1373 2407 1559 2440; x_wconf 85' lang='lat' dir='ltr'>Mandantes</span> <span class='ocrx_word' id='word_1_441' title='bbox 1571 2412 1740 2450; x_wconf 83' lang='lat' dir='ltr'>propterea</span> 
     </span>
     <span class='ocr_line' id='line_1_94' title="bbox 997 2460 1741 2504; baseline 0 -11"><span class='ocrx_word' id='word_1_442' title='bbox 997 2460 1103 2494; x_wconf 87' lang='lat' dir='ltr'>eidem</span> <span class='ocrx_word' id='word_1_443' title='bbox 1124 2461 1334 2503; x_wconf 81' lang='lat' dir='ltr'>gubernatori</span> <span class='ocrx_word' id='word_1_444' title='bbox 1353 2470 1439 2493; x_wconf 87' lang='lat' dir='ltr'>nunc</span> <span class='ocrx_word' id='word_1_445' title='bbox 1464 2467 1495 2493; x_wconf 87' lang='lat' dir='ltr'>et</span> <span class='ocrx_word' id='word_1_446' title='bbox 1514 2471 1573 2504; x_wconf 86' lang='lat' dir='ltr'>pro</span> <span class='ocrx_word' id='word_1_447' title='bbox 1597 2466 1741 2504; x_wconf 84' lang='lat' dir='ltr'>tempore</span> 
     </span>
     <span class='ocr_line' id='line_1_95' title="bbox 997 2513 1742 2558; baseline -0.001 -11"><span class='ocrx_word' id='word_1_448' title='bbox 997 2514 1155 2553; x_wconf 84' lang='lat' dir='ltr'>existenti,</span> <span class='ocrx_word' id='word_1_449' title='bbox 1180 2520 1215 2547; x_wconf 89' lang='lat' dir='ltr'>ut</span> <span class='ocrx_word' id='word_1_450' title='bbox 1231 2514 1365 2556; x_wconf 77' lang='lat' dir='ltr'>singulis</span> <span class='ocrx_word' id='word_1_451' title='bbox 1385 2513 1476 2546; x_wconf 89' lang='lat' dir='ltr'>annis</span> <span class='ocrx_word' id='word_1_452' title='bbox 1497 2513 1529 2546; x_wconf 88' lang='lat' dir='ltr'>in</span> <span class='ocrx_word' id='word_1_453' title='bbox 1549 2519 1742 2558; x_wconf 86' lang='lat' dir='ltr'>perpetuum</span> 
     </span>
     <span class='ocr_line' id='line_1_96' title="bbox 997 2566 1741 2611; baseline -0.001 -11"><span class='ocrx_word' id='word_1_454' title='bbox 997 2567 1086 2600; x_wconf 88' lang='lat' dir='ltr'>vobis</span> <span class='ocrx_word' id='word_1_455' title='bbox 1107 2577 1207 2600; x_wconf 90' lang='lat' dir='ltr'>unuin</span> <span class='ocrx_word' id='word_1_456' title='bbox 1222 2578 1258 2600; x_wconf 90' lang='lat' dir='ltr'>ex</span> <span class='ocrx_word' id='word_1_457' title='bbox 1280 2566 1465 2600; x_wconf 88' lang='lat' dir='ltr'>huiusmodi</span> <span class='ocrx_word' id='word_1_458' title='bbox 1488 2577 1592 2610; x_wconf 84' lang='lat' dir='ltr'>poena</span> <span class='ocrx_word' id='word_1_459' title='bbox 1612 2567 1741 2611; x_wconf 81' lang='lat' dir='ltr'>capitali</span> 
     </span>
     <span class='ocr_line' id='line_1_97' title="bbox 998 2621 1738 2661; baseline -0.001 -7"><span class='ocrx_word' id='word_1_460' title='bbox 998 2621 1157 2654; x_wconf 86' lang='lat' dir='ltr'>damnatis</span> <span class='ocrx_word' id='word_1_461' title='bbox 1189 2621 1327 2654; x_wconf 85' lang='lat' dir='ltr'>liberum</span> <span class='ocrx_word' id='word_1_462' title='bbox 1352 2621 1492 2654; x_wconf 83' lang='lat' dir='ltr'>dimittat</span> <span class='ocrx_word' id='word_1_463' title='bbox 1524 2626 1554 2654; x_wconf 87' lang='lat' dir='ltr'>et</span> <span class='ocrx_word' id='word_1_464' title='bbox 1571 2621 1738 2661; x_wconf 86' lang='lat' dir='ltr'>concedat,</span> 
     </span>
     <span class='ocr_line' id='line_1_98' title="bbox 999 2675 1742 2719; baseline 0 -12"><span class='ocrx_word' id='word_1_465' title='bbox 999 2675 1168 2718; x_wconf 86' lang='lat' dir='ltr'>ipsumque</span> <span class='ocrx_word' id='word_1_466' title='bbox 1194 2686 1251 2718; x_wconf 89' lang='lat' dir='ltr'>pei·</span> <span class='ocrx_word' id='word_1_467' title='bbox 1283 2686 1336 2708; x_wconf 81' lang='lat' dir='ltr'>vos</span> <span class='ocrx_word' id='word_1_468' title='bbox 1364 2686 1421 2718; x_wconf 84' lang='lat' dir='ltr'>pro</span> <span class='ocrx_word' id='word_1_469' title='bbox 1449 2681 1593 2719; x_wconf 77' lang='lat' dir='ltr'>tempore</span> <span class='ocrx_word' id='word_1_470' title='bbox 1625 2675 1742 2708; x_wconf 82' lang='lat' dir='ltr'>libera-</span> 
     </span>
    </p>
   </div>
   <div class='ocr_carea' id='block_1_18' title="bbox 1752 263 1932 290">
    <p class='ocr_par' dir='ltr' id='par_1_23' title="bbox 1752 263 1932 290">
     <span class='ocr_line' id='line_1_99' title="bbox 1752 263 1932 290; baseline 0 0"><span class='ocrx_word' id='word_1_471' title='bbox 1752 264 1799 290; x_wconf 85' lang='lat' dir='ltr'>An.</span> <span class='ocrx_word' id='word_1_472' title='bbox 1818 264 1846 290; x_wconf 88' lang='lat' dir='ltr'>C.</span> <span class='ocrx_word' id='word_1_473' title='bbox 1865 263 1932 290; x_wconf 65' lang='lat'>1594</span> 
     </span>
    </p>
   </div>
   <div class='ocr_carea' id='block_1_19' title="bbox 1749 645 1935 692">
    <p class='ocr_par' dir='ltr' id='par_1_24' title="bbox 1749 645 1935 692">
     <span class='ocr_line' id='line_1_100' title="bbox 1776 645 1935 675; baseline -0.006 -10"><span class='ocrx_word' id='word_1_474' title='bbox 1776 645 1858 675; x_wconf 68' lang='lat' dir='ltr'>Causae</span> <span class='ocrx_word' id='word_1_475' title='bbox 1873 645 1935 674; x_wconf 67' lang='lat' dir='ltr'>liuius</span> 
     </span>
     <span class='ocr_line' id='line_1_101' title="bbox 1749 674 1912 692; baseline 0 -1"><span class='ocrx_word' id='word_1_476' title='bbox 1749 674 1912 692; x_wconf 67' lang='lat' dir='ltr'>constitutionis.</span> 
     </span>
    </p>
   </div>
   <div class='ocr_carea' id='block_1_20' title="bbox 1751 964 1937 1171">
    <p class='ocr_par' dir='ltr' id='par_1_25' title="bbox 1751 964 1937 1171">
     <span class='ocr_line' id='line_1_102' title="bbox 1773 964 1937 986; baseline -0.012 -1"><span class='ocrx_word' id='word_1_477' title='bbox 1773 965 1876 986; x_wconf 69' lang='lat' dir='ltr'>ludunum</span> <span class='ocrx_word' id='word_1_478' title='bbox 1886 964 1937 984; x_wconf 76' lang='lat' dir='ltr'>lilw-</span> 
     </span>
     <span class='ocr_line' id='line_1_103' title="bbox 1752 992 1936 1012; baseline -0.011 0"><span class='ocrx_word' id='word_1_479' title='bbox 1752 992 1810 1012; x_wconf 70' lang='lat' dir='ltr'>randi</span> <span class='ocrx_word' id='word_1_480' title='bbox 1847 998 1849 1002; x_wconf 95' lang='grc'><strong><em>·</em></strong></span> <span class='ocrx_word' id='word_1_481' title='bbox 1873 997 1936 1011; x_wconf 52' lang='grc' dir='ltr'><strong>’γι-ἰ-</strong></span> 
     </span>
     <span class='ocr_line' id='line_1_104' title="bbox 1752 1019 1829 1038; baseline 0 0"><span class='ocrx_word' id='word_1_482' title='bbox 1752 1021 1794 1038; x_wconf 85' lang='lat' dir='ltr'>tuin</span> <span class='ocrx_word' id='word_1_483' title='bbox 1811 1019 1829 1038; x_wconf 90' lang='lat' dir='ltr'>iii</span> 
     </span>
     <span class='ocr_line' id='line_1_105' title="bbox 1751 1046 1936 1065; baseline -0.016 0"><span class='ocrx_word' id='word_1_484' title='bbox 1751 1046 1829 1065; x_wconf 87' lang='lat' dir='ltr'>mnium</span> <span class='ocrx_word' id='word_1_485' title='bbox 1849 1047 1936 1064; x_wconf 64' lang='lat' dir='ltr'>&gt;mictu-</span> 
     </span>
     <span class='ocr_line' id='line_1_106' title="bbox 1752 1071 1936 1093; baseline -0.011 -1"><span class='ocrx_word' id='word_1_486' title='bbox 1752 1078 1804 1093; x_wconf 84' lang='lat' dir='ltr'>rnm.</span> <span class='ocrx_word' id='word_1_487' title='bbox 1813 1072 1844 1091; x_wconf 78' lang='lat' dir='ltr'>rel</span> <span class='ocrx_word' id='word_1_488' title='bbox 1854 1071 1887 1091; x_wconf 74' lang='lat' dir='ltr'>ilic</span> <span class='ocrx_word' id='word_1_489' title='bbox 1898 1071 1936 1091; x_wconf 76' lang='lat' dir='ltr'>Pa·</span> 
     </span>
     <span class='ocr_line' id='line_1_107' title="bbox 1751 1104 1936 1124; baseline -0.011 -5"><span class='ocrx_word' id='word_1_490' title='bbox 1751 1104 1848 1120; x_wconf 68' lang='lat' dir='ltr'>miseere,</span> <span class='ocrx_word' id='word_1_491' title='bbox 1876 1104 1936 1124; x_wconf 78' lang='lat' dir='ltr'>prac-</span> 
     </span>
     <span class='ocr_line' id='line_1_108' title="bbox 1753 1125 1936 1150; baseline -0.005 -5"><span class='ocrx_word' id='word_1_492' title='bbox 1753 1125 1786 1145; x_wconf 66' lang='lat' dir='ltr'>via</span> <span class='ocrx_word' id='word_1_493' title='bbox 1800 1131 1854 1150; x_wconf 72' lang='lat' dir='ltr'>pare</span> <span class='ocrx_word' id='word_1_494' title='bbox 1874 1126 1936 1144; x_wconf 69' lang='lat' dir='ltr'>otien-</span> 
     </span>
     <span class='ocr_line' id='line_1_109' title="bbox 1752 1157 1830 1171; baseline 0 0"><span class='ocrx_word' id='word_1_495' title='bbox 1752 1157 1830 1171; x_wconf 63' lang='lat' dir='ltr'>serum⁴</span> 
     </span>
    </p>
   </div>
   <div class='ocr_carea' id='block_1_21' title="bbox 1926 998 1932 1011">
    <p class='ocr_par' dir='ltr' id='par_1_26' title="bbox 1926 998 1932 1011">
     <span class='ocr_line' id='line_1_110' title="bbox 1926 998 1932 1011; baseline 0 2184"><span class='ocrx_word' id='word_1_496' title='bbox 1926 998 1932 1011; x_wconf 95' lang='lat' dir='ltr'> </span> 
     </span>
    </p>
   </div>
   <div class='ocr_carea' id='block_1_22' title="bbox 1842 1014 1938 1042">
    <p class='ocr_par' dir='ltr' id='par_1_27' title="bbox 1842 1014 1938 1042">
     <span class='ocr_line' id='line_1_111' title="bbox 1842 1014 1938 1042; baseline 0 2153"><span class='ocrx_word' id='word_1_497' title='bbox 1842 1014 1938 1042; x_wconf 95' lang='lat' dir='ltr'> </span> 
     </span>
    </p>
   </div>
  </div>
 </body>
</html>
