2253 3195
269 264 320 291 An.
339 263 367 292 C.
386 263 454 292 ¹599
498 254 563 290 490

304 1922 420 1946 (jugit-:atum
433 1923 467 1941 tta-

302 1958 320 1966 .,
426 1954 433 1965 Γ
444 1955 469 1967 1...
484 1916 621 1950 Tunonii
635 1927 698 1949 una
716 1917 830 1950 domus
842 1917 1133 1959 Alberqamenlum
1145 1925 1225 1947 nun-

287 1980 307 1995 νι
328 1979 403 1995 arlttltn

288 2009 305 2021 §1
315 2009 340 2021 ΓιΙ
354 2011 364 2021 Δ
377 2009 408 2020 VH}

287 2030 365 2053 «ipphiti
382 2029 470 2048 Ἰυτιι-ιιιι

287 2061 375 2079 uigere,

470 313 549 346 lium
570 323 781 357 personarum
795 311 964 352 excedunt,
984 311 1010 344 si
1031 316 1133 344 artem
1153 310 1210 343 ali-

471 378 566 411 quam
588 366 785 400 mecanicam
812 366 955 399 ediscere
970 392 977 406 ,
997 365 1046 398 vel
1075 364 1210 397 alicuius

470 419 605 453 servitiis
630 420 778 452 insistere
814 419 965 463 cupiant,
1001 419 1040 451 ad
1068 417 1211 451 civitates

470 473 650 516 praedictas
678 478 842 516 tamquam
864 472 1015 505 omnibus
1043 471 1081 504 iis
1115 471 1211 504 rebus

470 526 636 559 affluentes
657 526 842 569 confugere,
866 537 902 559 ac
919 526 1139 559 adolescentes
1159 535 1213 558 eo-

472 579 618 611 rumdem
633 579 828 623 populorum
844 590 881 612 ac
894 578 985 623 pueri
999 589 1058 623 pro
1071 578 1212 612 scientiis

472 639 501 664 et
520 632 641 665 artibus
668 633 871 677 capessendis
896 643 933 666 eo
961 632 1044 665 mitti
1070 642 1210 665 cousue-

473 691 595 718 rerunt.
610 685 766 729 Quodque
780 686 925 719 omnium
940 686 1067 718 illarum
1082 684 1210 724 retium,

472 739 590 782 quibus
621 739 855 772 catholicorum
884 750 1001 783 corpus
1022 744 1052 772 et
1072 738 1212 771 animam

472 798 623 826 venantes
644 793 868 837 insequuntur,
881 792 1095 836 periculosius
1116 798 1145 824 et
1160 792 1215 824 da-

473 847 646 880 mnabilius
667 853 723 884 est,
747 847 772 880 si
791 847 951 891 quispiam
972 846 1084 879 salutis
1109 850 1213 878 aeter-

472 910 532 933 nae
553 900 672 933 oblitus
692 912 709 933 a
727 900 790 933 fide
810 900 975 944 praedicta
994 899 1159 938 recedens,
1175 898 1215 931 ad

474 953 591 986 dictam
605 953 766 986 civitatem
784 953 1027 987 Gebennensem
1050 964 1082 986 se
1103 957 1216 985 contu-

474 1006 557 1047 lerit,
589 1007 684 1047 hona,
714 1018 814 1048 uxor,
844 1007 990 1050 aliaeque
1023 1006 1216 1050 temporales

475 1060 720 1093 commoditates
734 1060 793 1104 ipsi
813 1060 1073 1104 suppeditantur,
1086 1064 1182 1103 prout
1201 1069 1217 1091 e

476 1123 641 1153 converso,
664 1113 689 1146 si
710 1114 781 1157 quis
802 1114 901 1158 ipsius
921 1113 1059 1146 civitatis
1085 1113 1214 1146 Geben-

476 1178 583 1200 nensis
605 1167 710 1200 incola
739 1168 884 1201 eiusdem
894 1167 970 1200 fidei
989 1168 1098 1200 lumen
1112 1176 1215 1208 agno—

476 1227 552 1260 scat,
577 1221 685 1254 omnia
699 1221 861 1254 eiusbona
878 1221 995 1254 civitati
1015 1218 1217 1254 Gebennensi

477 1275 660 1317 praedictae
681 1274 908 1315 confiscantur,
924 1280 954 1307 et
972 1274 1085 1307 exinde
1106 1273 1219 1315 ingens

478 1329 668 1361 eorumdem
695 1328 997 1361 circumvicinorum
1023 1327 1217 1371 populorum

479 1392 634 1415 numerus
658 1393 735 1425 prae
762 1392 909 1415 annonae
940 1381 1091 1421 caritate,
1121 1380 1216 1413 belli-

479 1445 541 1478 que
562 1441 592 1468 ct
611 1435 681 1467 aliis
703 1440 886 1479 temporum
908 1433 1156 1467 calamitatibus.
1180 1433 1219 1465 ad

481 1488 597 1521 dictam
617 1488 775 1521 civitatem
796 1488 1041 1521 Gebennensem
1061 1487 1217 1528 confuge-

481 1549 566 1582 runt,
588 1542 697 1586 ibique
717 1552 790 1575 cum
812 1541 942 1574 aliunde
963 1551 1027 1573 non
1057 1540 1217 1579 habeant,

481 1605 545 1638 quo
567 1595 681 1634 vivant,
705 1595 811 1628 adhuc
836 1595 875 1627 de
896 1593 1056 1638 praesenti
1078 1603 1221 1627 commo-

483 1655 605 1688 rantur,
629 1648 683 1692 qui
710 1655 831 1688 tamen,
855 1659 892 1680 ac
913 1647 967 1680 alii
999 1647 1160 1680 innumeri
1190 1646 1221 1678 in

482 1713 519 1735 ea
532 1703 817 1736 commoditatibus
828 1701 1000 1746 praedictis
1012 1701 1138 1734 fruendi
1152 1711 1223 1743 gra—

482 1756 526 1789 tia
547 1762 669 1790 tantum
692 1757 855 1799 degentes,
879 1757 904 1789 si
923 1757 992 1789 illas
1023 1756 1098 1788 alibi
1119 1755 1220 1788 habe-

483 1816 564 1849 rent,
587 1810 638 1853 pie
659 1817 688 1843 et
708 1810 864 1843 catholice
885 1810 989 1843 vivere
1017 1809 1219 1853 pollicentur.

529 1863 596 1905 §3-
621 1863 657 1895 Et
683 1869 853 1906 propterea
881 1863 906 1896 si
929 1863 960 1895 in
991 1863 1075 1895 dicto
1105 1861 1224 1905 oppido

442 1971 632 2019 ¹¹··¹3t·1ipanda
651 1970 810 2008 (omnium
829 1970 1036 2003 scientiarum
1059 1976 1088 2002 et
1109 1968 1224 2001 artium

486 2024 544 2056 suh
566 2024 765 2057 ini-oratione
796 2025 910 2057 Beatae
939 2023 1054 2056 Mariae
1074 2024 1225 2066 Compas-

487 2078 595 2117 sionis,
623 2089 678 2111 seu
705 2078 831 2121 Septem
854 2078 1024 2116 Dolorum,
1052 2087 1134 2120 quae
1170 2086 1227 2119 per

487 2142 586 2163 imum
609 2131 817 2175 praesectum,
834 2137 863 2163 ct
884 2137 1005 2173 septem
1025 2129 1226 2173 presbyteros

486 2185 666 2217 saeculares
695 2185 847 2228 probatae
869 2189 900 2216 et
924 2183 1116 2226 exemplaris
1146 2183 1226 2215 vitae

488 2238 668 2277 existentes,
692 2249 728 2270 ac
751 2238 835 2270 iuxta
862 2237 941 2270 ritus
962 2242 992 2269 et
1018 2236 1162 2268 instituta
1180 2235 1226 2268 di-

489 2292 645 2324 lectorum
672 2292 812 2324 tiliorum
835 2291 1096 2334 presbyterorum
1117 2300 1228 2322 saecu-

489 2345 603 2377 larium
637 2344 901 2384 Congregationis
925 2343 1062 2376 Oratorii
1085 2343 1123 2375 (le
1145 2343 1227 2375 Urbe

488 2398 553 2436 rem
576 2403 605 2430 et
637 2397 828 2438 gubernari,
857 2397 938 2429 etin
973 2407 1035 2439 qua
1063 2402 1226 2439 tamquam

489 2450 616 2493 publica
646 2450 790 2482 omnium
820 2449 1027 2482 scientiarum
1053 2453 1085 2481 et
1111 2449 1226 2481 artium

490 2503 706 2541 universitate,
734 2504 773 2535 ad
796 2503 896 2535 instar
921 2503 1056 2534 aliarum
1085 2501 1229 2545 publica-

491 2566 560 2587 rum
583 2562 612 2588 et
628 2558 822 2588 famosarum
846 2555 1101 2594 universitatum,
1118 2565 1229 2587 omncs

491 2609 639 2640 scientias
666 2616 696 2641 et
722 2616 805 2642 artes
845 2609 1016 2652 praecipue
1050 2607 1230 2649 theologiae

491 2661 719 2702 scliolastiriw,
755 2662 1002 2700 controversiae,
1038 2672 1129 2694 casus
1149 2671 1228 2693 ‹30¹1-

1049 262 1231 287 BULLARIUM
1251 260 1404 286 Romnum

1242 310 1405 350 scientiae,
1425 315 1611 343 sanctorum
1628 307 1759 343 Patrum
1778 310 1978 351 traditiones,

1243 369 1274 397 et
1295 364 1412 397 Sacrae
1442 363 1627 407 Scripturae
1657 363 1788 407 publice
1819 364 1927 397 doceri
1952 369 1983 397 et

1243 417 1317 459 legi,
1334 428 1371 450 ac
1391 427 1505 450 omnes
1525 427 1541 450 e
1555 416 1662 450 densis
1682 416 1825 450 haeresis
1842 417 1983 450 tenebris

1244 471 1284 503 ad
1302 470 1381 503 lucis
1399 471 1606 514 splendorem
1627 470 1816 503 accedentes
1835 470 1935 514 recipi
1954 476 1984 504 et

1245 524 1389 564 educari,
1418 535 1454 557 ac
1474 524 1549 557 fidei
1582 524 1761 557 catholicae
1780 524 1959 567 praeceptis
1973 551 1980 561 ,

1246 579 1460 622 omnibusque
1485 578 1625 611 scientiis
1645 584 1677 611 et
1695 577 1818 611 artibus
1840 588 1898 621 pro
1923 588 1982 610 cu-

1247 631 1360 675 iusque
1380 631 1500 674 ingenii
1521 631 1796 672 acumineimbui,
1821 637 1851 664 et
1872 631 1985 664 instrui

1248 685 1397 726 debeant,
1410 685 1520 729 illique
1534 685 1578 718 sic
1588 685 1693 718 edocti
1712 690 1742 718 et
1761 684 1887 724 imbuti,
1902 684 1992 725 iuxta,

1249 739 1406 783 cuiusque
1423 740 1634 783 capacitatem
1655 745 1685 772 et
1706 738 1909 778 industriam,
1922 738 1988 770 sru-

1249 798 1335 826 ctum
1357 793 1462 826 eidem
1477 793 1588 826 domui
1601 793 1760 833 adferant,
1777 804 1812 826 ex
1826 802 1890 836 quo
1904 801 1988 824 mer-

1249 857 1301 879 ces
1321 851 1352 879 et
1372 846 1435 879 alia
1452 846 1576 880 venalia
1596 851 1843 889 comparentur,
1871 849 1903 878 et
1933 844 1988 888 qui

1250 899 1290 932 ad
1302 909 1355 932 eas
1369 899 1604 943 comparandas
1616 899 1802 933 Gebennam
1822 898 1985 942 petebant,

1250 963 1309 996 pro
1330 953 1445 986 maiori
1467 963 1580 986 eorum
1609 951 1859 991 commoditate,
1882 951 1989 983 Tuno-

1251 1007 1352 1047 nium,
1376 1012 1407 1040 et
1431 1007 1471 1040 ad
1496 1007 1614 1039 dictam
1636 1006 1780 1046 domum,
1801 1005 1898 1037 rebus
1928 1004 1990 1036 hu-

1253 1059 1391 1092 iusmodi
1417 1065 1493 1092 tunc
1523 1059 1802 1092 circumfluentem
1827 1068 1860 1091 se
1881 1057 1991 1090 conse-

1252 1118 1334 1154 rant,
1358 1124 1394 1146 ac
1416 1113 1447 1146 in
1468 1113 1616 1146 eamdem
1646 1112 1833 1145 societatem
1853 1110 1991 1144 cuiusvis

1253 1167 1390 1209 generis,
1421 1177 1523 1207 sexus,
1547 1165 1742 1199 conditionis
1763 1170 1794 1198 et
1812 1163 1989 1209 professio-

1253 1220 1301 1253 nis
1321 1230 1490 1264 personae,
1515 1219 1673 1252 catholice
1702 1224 1808 1251 tamen
1837 1218 1988 1258 viventes,

1253 1274 1461 1318 recipiantur,
1486 1274 1567 1307 etin
1593 1283 1629 1306 ea
1650 1273 1786 1317 quisque
1811 1282 1887 1305 suae
1915 1271 1993 1304 artis

1253 1333 1307 1360 aut
1328 1327 1481 1361 scientiae
1509 1327 1667 1359 talentum
1695 1331 1851 1365 exerceat,
1875 1324 1994 1358 varios-

1254 1392 1316 1425 que
1337 1381 1452 1414 modos
1472 1381 1511 1413 ad
1542 1379 1779 1413 haereticorum
1811 1379 1993 1412 conversio-

1254 1445 1328 1468 nem
1358 1435 1539 1477 excogitet)
1570 1439 1727 1478 perpetuo
1755 1433 1935 1475 erigeretur
1963 1438 1994 1466 et

1256 1488 1485 1526 institueretur,
1511 1487 1622 1531 illique
1647 1487 1693 1520 sic
1713 1491 1839 1520 erectae
1859 1513 1865 1526 ,
1889 1491 1920 1519 et
1940 1486 1992 1518 in-

1255 1541 1383 1575 stitutae
1398 1552 1456 1586 pro
1470 1541 1614 1574 eiusdem
1636 1541 1751 1574 domus
1765 1540 1915 1583 illiusque
1928 1540 1996 1574 alu-

1256 1606 1406 1628 mnorum
1428 1602 1459 1629 et
1482 1595 1700 1628 habitatorum
1722 1594 1953 1628 sustentatione
1966 1600 1997 1628 et

1257 1649 1510 1688 manutentione‚
1535 1655 1599 1681 tres
1619 1648 1781 1692 prioratus
1801 1652 1996 1681 conventua-

1258 1703 1312 1741 les,
1340 1703 1488 1736 videlicet
1507 1703 1614 1735 Sancti
1641 1702 1726 1741 lorii,
1750 1711 1846 1746 quem
1875 1701 1996 1743 Grego-

1259 1756 1324 1789 rius
1341 1755 1537 1789 tituliSancti
1559 1755 1727 1798 Augustini
1741 1755 1907 1799 presbyter
1921 1765 1994 1788 car-

1258 1810 1374 1842 dinalis
1388 1810 1426 1842 de
1444 1810 1642 1853 Montelparo
1656 1814 1859 1852 nuncupatus
1876 1814 1994 1848 noster,

1259 1868 1289 1895 et
1308 1862 1474 1900 Nantuaci‚
1503 1873 1598 1906 quem
1626 1861 1779 1906 Tyberius
1806 1862 1929 1900 Mutus,
1961 1871 1998 1895 ac

1259 1916 1446 1949 Contamine
1467 1916 1612 1949 locorum
1638 1926 1694 1948 scu
1712 1914 1906 1959 oppidorum
1920 1914 1998 1948 San-

1261 1969 1300 2002 cti
1320 1968 1493 2008 Benedicti,
1515 1979 1570 2001 seu
1591 1968 1722 2001 alterius
1733 1967 1860 2001 Ordinis
1876 1968 2000 2002 Geben-

1262 2022 1367 2055 nensis
1386 2022 1579 2065 praedictae,
1594 2027 1623 2055 et
1638 2021 2000 2065 Gratianopolitanensis

1261 2087 1315 2109 seu
1340 2075 1472 2108 alterius
1500 2075 1676 2114 dioecesis,
1706 2085 1801 2118 quem
1834 2074 2000 2118 Philippus

1262 2129 1370 2162 Butius
1381 2128 1504 2167 Clerici,
1520 2128 1627 2160 dilecti
1650 2127 1718 2167 filii,
1736 2139 1772 2161 ex
1793 2126 2000 2160 concessione

1261 2193 1316 2215 seu
1337 2181 1574 2225 dispensatione
1587 2181 1761 2224 apostolica
1782 2180 1813 2213 in
1831 2190 1998 2214 commen-

1262 2237 1334 2268 dam
1365 2235 1404 2267 ad
1430 2245 1541 2268 eorum
1574 2234 1670 2267 vitam
1708 2234 1880 2273 obtinent,
1903 2233 2000 2267 etiam

1262 2294 1418 2331 perpetuo
1438 2287 1618 2326 unirentur,
1642 2291 1892 2319 annecterentur
1904 2292 1933 2319 et
1952 2286 2001 2318 in-

1262 2347 1523 2384 corporarentur,
1547 2351 1583 2373 ex
1609 2340 1669 2373 hoc
1691 2340 1835 2383 profecto
1857 2339 2000 2383 ipsorum

1263 2394 1498 2427 haereticorum
1531 2393 1699 2426 conatibus
1724 2399 1753 2426 et
1784 2392 1912 2426 vesutiis
1943 2392 2002 2426 ob-

1263 2448 1412 2486 viaretur,
1437 2458 1474 2479 ac
1495 2447 1622 2480 illorum
1643 2446 1856 2486 conversioni,
1874 2455 2000 2479 necnon

1264 2501 1336 2533 fidei
1366 2499 1612 2544 propassationi,
1637 2499 1882 2543 anitiiarumque
1908 2508 2001 2542 prae-

1264 2554 1420 2587 dictarum
1451 2554 1544 2586 saluti
1577 2559 1607 2586 et
1633 2553 1796 2586 securitati
1826 2552 2001 2596 plurimum

1265 2608 1503 2646 consuleretur,
1537 2617 1595 2639 nec
1631 2607 1661 2639 in
1691 2606 1783 2639 dictis
1809 2604 2002 2649 prioratibus

1266 2660 1391 2693 «livinus
1411 2661 1516 2693 cultus·
1538 2660 1745 2693 minueretur.

1997 260 2047 288 An.
2063 260 2090 288 C.
2113 258 2181 289 1599

2051 1651 2120 1678 Eique
2143 1656 2195 1672 nou·

2011 1679 2078 1709 nullos
2090 1679 2194 1705 prioratus

2012 1712 2078 1728 umru.
