2253 3195
98 250 149 277 Αιι.
166 248 194 276 C.
218 249 286 276 1598

128 1579 242 1605 Privilcgia
258 1580 287 1600 ei-

104 1606 151 1627 dem
175 1607 288 1627 communi-

104 1633 142 1653 tati
157 1638 266 1658 concessa,

918 247 1064 272 CLEMENS
1085 248 1142 272 VIII
1160 248 1210 272 FP.

297 306 422 331 necnon
445 296 584 330 rationes
602 302 829 341 computorum
851 297 889 330 ab
912 296 1032 329 officia-

296 351 379 384 libus
400 351 588 394 exigantur,
613 357 642 384 ct
671 351 818 384 similiter
850 351 880 383 in
908 362 1037 385 omnem

296 411 444 438 eventum
477 406 706 439 alienationum
721 433 728 446 ,
759 416 815 438 scu
847 405 1035 448 acquisitio-

296 469 385 499 num,
407 464 438 491 ct
469 459 500 491 in
530 459 681 492 omnibus
714 458 784 491 aliis
815 458 1039 491 occasionibus

297 512 566 545 concernentibus
587 522 759 545 commune
783 511 917 551 bonum,
931 516 961 543 ct
974 521 1040 544 ser-

297 565 407 598 vitium
425 565 590 609 publicum
609 565 754 605 civitatis,
772 564 856 597 ultra
870 574 960 596 casus
974 574 1041 596 ma-

297 618 444 660 gistratui
462 618 653 651 nominatim
674 623 863 658 reservatos,
885 617 962 660 quid
980 622 1041 650 sta-

299 671 452 704 tuendum
468 699 475 711 ,
496 682 552 704 seu
577 671 760 704 faciendum
786 671 846 709 sit,
867 670 898 703 in
926 671 1040 703 eodem

299 725 433 758 consilio
448 725 640 758 discutiatur
657 730 687 758 et
708 724 916 765 deliberetur,
935 735 1040 769 neque

297 778 365 811 sine
383 779 508 812 consilii
534 778 783 819 deliberatione,
808 779 962 812 collectae
983 789 1038 811 ex·-

298 831 533 865 traordinariae
554 831 759 873 continuari,
779 842 886 875 neque
910 831 1040 864 ordina-

297 883 364 917 riae
384 884 512 926 augeri,
532 884 593 918 nisi
622 895 681 928 pro
711 884 871 918 solutione
889 890 920 918 et
940 884 1041 917 extin-

298 938 403 971 ctione
424 939 505 972 aeris
526 939 633 979 alieni,
651 945 680 972 et
700 949 759 983 pro
780 939 850 972 aliis
871 939 1042 972 necessita-

298 990 383 1024 tibus
403 991 442 1024 ab
463 991 575 1025 eodem
596 991 730 1025 consilio
748 992 978 1036 approbandis,
994 992 1042 1025 ul-

299 1043 424 1077 latenus
444 1045 591 1085 valeant,
615 1044 736 1088 sicque,
761 1050 791 1077 et
811 1055 876 1078 non
897 1044 989 1078 aliter
1010 1044 1041 1077 in

299 1097 450 1131 omnihus
463 1104 494 1131 et
506 1098 639 1141 singulis
651 1098 843 1142 supradictis
859 1098 1041 1132 faciendum

301 1157 332 1184 et
353 1152 587 1185 observandum
608 1158 766 1196 perpetuo
792 1163 859 1186 csse
891 1158 920 1185 et
949 1153 1038 1194 sore,

300 1217 336 1239 ac
354 1205 479 1239 irritum
499 1211 530 1239 et
543 1205 637 1239 inane
657 1206 815 1250 quidquid
836 1216 926 1239 secus
946 1216 1044 1250 super

300 1259 348 1292 his
369 1270 387 1292 a
406 1269 583 1303 quoquam,
608 1259 719 1303 quavis
739 1259 942 1301 auctoritate,
963 1270 1043 1303 quo-

300 1313 479 1347 modolibet
499 1314 692 1357 contingerit
716 1314 876 1354 attentari,
905 1313 1043 1347 auctori-

302 1372 366 1400 tate
386 1367 572 1411 apostolica,
596 1373 708 1401 tenore
732 1368 962 1412 praesentium,
982 1373 1043 1401 sta-

300 1420 431 1462 tuimus,
456 1421 670 1462 decernimus,
695 1421 917 1459 declaramus,
947 1432 1040 1454 man-

301 1474 415 1508 damus
435 1479 467 1508 et
490 1474 689 1511 ordinamus,

347 1527 434 1572 §⁶21.
458 1528 627 1562 Praeterea
657 1529 787 1562 eosdem
824 1529 1041 1561 communita-

304 1587 367 1615 tem
382 1587 413 1615 et
431 1581 579 1615 homines
596 1582 808 1626 amplioribus
830 1582 993 1616 favoribus
1015 1588 1046 1616 et.

303 1635 413 1679 gratiis
442 1635 593 1679 prosequi
625 1636 789 1676 volentes,
821 1646 1045 1680 quaecumque

302 1694 419 1722 statuta
437 1694 467 1721 et
487 1688 708 1722 ordinationes
729 1689 872 1722 ciusdem
894 1699 1043 1722 commu-

302 1742 421 1783 nitatis,
444 1742 531 1775 licita
552 1747 659 1776 tamen
680 1748 709 1776 et
730 1743 875 1784 honesta,
899 1748 930 1776 et
949 1742 1047 1776 sacris

303 1795 490 1837 canonibus,
510 1795 708 1840 Conciliique
728 1796 908 1829 Tridentini
930 1796 1044 1829 decre-

304 1849 354 1891 tis,
375 1861 411 1883 ac
431 1850 570 1884 libertati
592 1850 836 1891 ecclesiasticae,
857 1850 1048 1894 debitaeque

303 1904 398 1937 nobis
429 1909 459 1937 et
486 1904 689 1948 Apostolicae
709 1904 783 1938 Sedi
815 1904 1017 1938 obedientiae
1039 1904 1047 1920 ¹

307 1957 497 1991 donationes
526 1968 655 2001 quoque
684 1958 744 2001 ipsi
773 1957 997 1991 communitati
1019 1963 1047 1990 et

305 2010 490 2043 bominibus
517 2021 574 2054 pcr
605 2011 756 2044 dilectum
779 2011 881 2044 [ilium
902 2016 1048 2044 nostrum

305 2066 445 2105 Petrum,
469 2064 499 2097 S.
523 2064 644 2097 Nicolai
668 2064 700 2097 in
725 2065 855 2098 Carcerc
876 2065 1048 2098 diaconum

306 2117 504 2150 cardinalem
518 2117 798 2151 Atdobrandinum
812 2124 1046 2162 nuncupatum,

306 2176 452 2204 nostrum
472 2171 650 2204 secundum
671 2182 800 2205 carnem
816 2182 852 2204 ex
867 2172 963 2205 fratrc
978 2182 1050 2214 ger-

307 2235 403 2257 mano
422 2229 585 2268 nepotem,
606 2224 637 2257 in
659 2224 784 2258 civitate
803 2230 834 2258 ct
854 2225 972 2259 ducatu
994 2236 1050 2258 no-

307 2277 364 2312 stri
396 2278 594 2312 Ferrariensi
623 2284 769 2312 nostrum
807 2285 835 2312 et
868 2279 1051 2323 Apostolica

308 2331 397 2364 Sedis
415 2331 454 2364 de
474 2332 575 2365 latere
595 2333 752 2375 legatum,
775 2338 806 2366 et
825 2333 921 2366 totius
946 2332 1052 2366 Status

308 2385 409 2418 nostri
431 2385 637 2419 ecclesiastici
651 2387 835 2428 generalem
850 2386 1052 2430 superinten-

311 2438 506 2480 tendentem,
521 2439 677 2480 sactaS,de
694 2440 902 2484 proventibus
916 2440 1051 2472 damno-

309 2503 381 2526 rum
403 2493 564 2534 datorum‚
588 2494 627 2527 de
647 2494 779 2537 appaltu
800 2493 937 2526 fornacis
954 2493 1053 2525 vitro-

311 2557 394 2586 rum,
408 2556 534 2580 necnon
553 2547 591 2579 dc
612 2547 744 2590 appaltu
764 2545 963 2579 collectionis
977 2556 1052 2579 een-

312 2605 435 2641 tonum,
455 2600 550 2642 vulgo
563 2604 822 2633 assumamento.
851 2627 855 2631 .
880 2627 884 2632 .
913 2627 917 2631 .
942 2627 946 2631 .
973 2609 1054 2640 ‚nec

351 2665 358 2690 l
382 2663 458 2690 Adde
478 2672 536 2690 non
556 2664 715 2692 contraria.
738 2664 833 2699 (nain).

361 2717 440 2745 Butt.
457 2717 541 2746 Rom.
558 2717 618 2745 Vol.
636 2718 670 2745 Χ.
887 2717 920 2745 58

1721 236 1785 270 457

1072 307 1135 329 non
1154 296 1248 329 unius
1266 288 1413 340 qiiatrcni
1437 296 1467 328 in
1488 295 1629 339 singulas
1648 295 1746 328 libras
1767 306 1815 328 sa-

1074 350 1121 389 lis,
1149 360 1287 393 quorum
1308 355 1497 393 proventus,
1520 349 1559 382 ad
1580 354 1669 382 scuta
1689 348 1816 382 circiter

1074 409 1212 446 quatuor
1226 403 1326 436 millia
1344 403 1507 435 annuatim
1523 403 1717 442 ascendunt·⁷
1734 402 1816 435 hanc

1075 461 1181 489 tamen
1203 457 1351 500 quatreni
1373 457 1446 489 salis
1470 457 1509 489 ad
1540 462 1684 489 nostrum
1707 461 1737 488 et
1756 455 1813 488 Se-

1075 509 1122 541 dis
1153 509 1355 552 Apostolicae
1387 509 1647 553 beneplacitum,
1675 514 1817 542 caeteras

1076 573 1149 595 vero
1167 563 1366 606 supradictas
1378 563 1569 596 donationes
1581 568 1749 606 perpetuo,
1760 573 1817 595 au-

1076 615 1222 649 ctoritate
1233 621 1262 649 ct
1272 621 1383 649 tenore
1392 616 1575 660 praedictis,
1588 616 1818 649 confirmamus

1076 675 1106 702 ct
1123 669 1352 713 approbamus,
1374 669 1500 713 illisque
1518 675 1692 713 perpetuae
1714 674 1744 702 et
1764 669 1815 701 in-

1075 722 1233 755 violabilis
1245 723 1439 766 apostolicae
1455 722 1615 755 firmitatis
1629 722 1728 755 robur
1740 721 1819 754 adii-

1076 775 1189 817 cimus,
1202 786 1238 809 ac
1250 786 1362 809 omncs
1383 782 1412 809 ct
1430 775 1574 818 singulos
1592 775 1669 808 iuris
1687 780 1718 808 et
1735 775 1819 815 sacti,

1076 840 1112 862 ac
1140 829 1380 862 solemnitatum
1414 828 1508 861 etiam
1534 828 1816 867 substantialium,

1076 889 1107 917 et
1126 883 1204 917 alios
1232 893 1453 927 quoscumque
1481 882 1640 922 desectus,
1660 881 1685 915 si
1713 882 1767 925 qui
1789 882 1821 914 in

1077 937 1196 970 eisdem
1218 936 1469 977 intervenerint,
1491 936 1678 979 supplemus
1694 963 1701 975 ,
1725 945 1761 968 ac
1782 935 1821 967 de

1076 1001 1180 1031 novo,
1207 996 1364 1034 quatenus
1386 1000 1467 1033 opus
1487 989 1525 1022 sit
1542 1016 1549 1029 ,
1573 993 1748 1032 proventus
1768 987 1819 1020 ni-

1077 1045 1196 1078 mirum
1215 1044 1409 1077 damnorum
1432 1043 1593 1083 datorum,
1618 1053 1654 1075 ac
1675 1043 1823 1086 appaltus

1076 1096 1255 1130 fornacium
1282 1095 1437 1128 vitrorum
1454 1122 1461 1136 ,
1486 1100 1516 1127 et
1543 1094 1691 1138 appaltus
1723 1093 1822 1126 colle-

1077 1149 1191 1182 ctionis
1209 1154 1395 1189 centonum,
1405 1153 1576 1192 perpetuo,
1587 1146 1735 1190 quatreni
1747 1155 1822 1179 vero

1076 1203 1150 1237 salis
1170 1203 1210 1236 ad
1231 1207 1377 1235 nostrum
1396 1207 1426 1235 et
1449 1201 1538 1235 Sedis
1559 1200 1744 1244 praedictae
1764 1200 1822 1232 be-

1076 1256 1295 1301 neplacitum,
1313 1256 1472 1289 donamus
1499 1260 1529 1288 et
1561 1254 1760 1296 elargi1nur3
1793 1258 1823 1286 et

1076 1310 1211 1344 ulterius
1229 1310 1333 1343 cidem
1349 1307 1572 1342 communitati
1591 1313 1621 1340 ct
1638 1307 1824 1340 hominibus

1078 1364 1242 1408 appaltum
1262 1362 1430 1406 antiquum
1457 1361 1603 1405 pellium,
1628 1371 1700 1394 cum
1722 1360 1824 1393 solitis

1079 1418 1172 1452 datiis
1190 1418 1342 1458 annexis,
1367 1426 1536 1456 annonae,
1566 1420 1596 1448 et
1617 1414 1722 1447 carnis
1737 1441 1744 1455 ‚
1768 1414 1823 1458 qui

1079 1477 1308 1516 nuncupantur
1321 1470 1384 1503 vini
1406 1475 1436 1502 et
1458 1469 1565 1509 musti,
1580 1467 1820 1508 eodemmodo,

1079 1536 1144 1569 quo
1164 1525 1336 1558 novissime
1359 1523 1579 1565 exigebantur,
1594 1532 1734 1565 quorum
1753 1521 1826 1554 red-

1080 1580 1165 1613 ditus
1194 1578 1305 1621 viginti
1342 1577 1508 1621 quinque,
1541 1580 1596 1608 aut
1625 1574 1738 1618 viginti
1773 1585 1826 1608 sex

1079 1639 1245 1667 scutorum
1258 1632 1357 1666 millia
1377 1630 1543 1665 annuatim
1561 1629 1756 1663 constituere
1770 1638 1827 1672 po-

1081 1693 1207 1728 terunt,
1231 1691 1410 1731 perpetuo,
1446 1694 1572 1717 necnon
1602 1683 1699 1716 etiam
1721 1683 1824 1716 sacul-

1083 1747 1178 1776 tatem
1199 1740 1386 1775 extrahendi
1409 1750 1444 1772 ex
1474 1739 1600 1772 civitate
1621 1743 1652 1771 et
1672 1737 1829 1771 comitatu

1082 1795 1247 1830 Ferrariac
1274 1803 1498 1838 quaecumque
1526 1793 1709 1832 frumenta,
1732 1790 1829 1824 blada

1082 1856 1113 1884 et
1128 1849 1304 1893 legumina,
1328 1859 1410 1893 quae
1430 1847 1505 1881 usui·
1524 1847 1628 1880 dictae
1650 1845 1785 1879 civitatis
1799 1849 1829 1878 et

1083 1904 1254 1937 comitatus
1273 1901 1447 1946 supersint,
1472 1911 1574 1944 caque
1595 1900 1634 1933 ad
1656 1909 1830 1943 quaecum-

1083 1969 1145 2002 que
1174 1958 1259 1997 loca,
1289 1955 1385 1989 ctiam
1418 1961 1505 1988 extra
1529 1954 1651 1988 Statum
1683 1957 1829 1986 nostrum

1083 2010 1343 2045 Ecclesiasticum
1364 2009 1467 2042 libere
1488 2007 1677 2048 deserendi,
1702 2012 1755 2039 aut
1777 2016 1829 2039 ex-

1084 2065 1167 2098 trahi
1190 2069 1221 2097 et
1238 2063 1355 2097 deferri
1377 2062 1526 2103 faciendi,
1552 2061 1591 2095 ad
1612 2066 1752 2104 quatuor
1772 2070 1830 2092 an-

1085 2129 1164 2159 nos,
1185 2128 1202 2150 a
1226 2117 1332 2150 futuro
1355 2126 1439 2149 anno
1460 2114 1588 2148 Domini
1609 2123 1730 2147 mnxclx
1752 2112 1831 2145 inci-

1085 2171 1231 2216 piendos,
1258 2176 1417 2214 quatenus
1437 2175 1545 2202 tamen
1567 2167 1695 2201 interim
1721 2165 1831 2199 civitas

1086 2231 1117 2259 et
1146 2224 1338 2264 comitatus,
1367 2228 1422 2256 aut
1452 2223 1557 2256 Status
1590 2219 1832 2254 Ecclesiasticus

1086 2278 1254 2323 praedicti,
1271 2278 1401 2310 illorum
1423 2275 1560 2320 penuria
1584 2284 1649 2307 non
1670 2273 1829 2312 laborent,

1087 2332 1129 2365 ita
1142 2336 1178 2365 ut
1189 2330 1375 2364 huiusmodi
1391 2329 1620 2363 extractionem
1639 2326 1709 2359 aliis
1730 2325 1832 2358 libere

1088 2386 1226 2419 vendere
1245 2384 1382 2423 valeant,
1403 2381 1593 2415 auctoritate
1607 2386 1637 2413 et
1651 2385 1762 2413 tenore
1779 2389 1833 2412 su-

1087 2438 1262 2482 pradictiS,
1287 2442 1376 2469 motu
1404 2435 1538 2479 proprio
1560 2440 1590 2467 et
1610 2444 1646 2466 ex
1667 2438 1754 2466 certa
1773 2442 1833 2465 no-

1087 2497 1152 2524 stra
1172 2490 1316 2529 scicntia,
1344 2489 1494 2521 similiter
1512 2488 1671 2521 donamus
1693 2492 1724 2519 et
1744 2486 1830 2519 elar-

1088 2545 1205 2587 gimur,
1229 2554 1265 2576 ac
1285 2542 1377 2575 titulo
1397 2552 1497 2585 purae
1513 2568 1520 2582 ‚
1544 2545 1719 2585 perpetuae
1741 2545 1772 2573 et
1792 2539 1835 2571 ir-

1089 2596 1278 2632 revocabilis
1301 2595 1496 2636 donationis,
1520 2605 1603 2639 quae
1626 2594 1744 2628 dicitur
1765 2592 1834 2626 fieri

1090 2652 1172 2685 inter
1192 2651 1299 2691 vivos,
1328 2649 1547 2684 concedimus.
1569 2648 1671 2683 Simili
1705 2657 1834 2692 quoquc

1832 247 1882 274 An.
1903 247 2017 275 &1598

1842 309 1885 330 Nec
1900 316 1941 330 non
1956 310 2015 331 dota-

1832 337 1899 356 tiones
1923 340 1944 357 ct
1968 343 2015 362 pro-

1833 365 1913 383 ventus.
