2253 3195
45 297 94 324 An.
111 296 140 323 C.
160 296 226 324 1602

78 1314 105 1336 Et
122 1315 233 1336 declaran-

51 1341 72 1362 di
88 1341 159 1371 dubia¹
170 1347 234 1367 super

49 1374 179 1395 praemissis,

63 1527 147 1549 Statuta
156 1526 235 1548 edicta-

52 1560 92 1582 que
104 1554 187 1576 edendi.

71 2277 177 2299 Officiales
189 2277 240 2298 alibi

57 2304 166 2325 conveniri
200 2310 241 2324 non

57 2333 145 2357 possint,
161 2332 181 2350 ct
193 2337 241 2351 con-

57 2360 90 2378 tra
105 2364 141 2378 eos
151 2357 209 2378 Mons
219 2364 241 2377 u-

59 2385 115 2404 tatur
125 2389 163 2410 pro
174 2384 240 2404 admi-

57 2411 150 2431 nistratis
158 2411 241 2436 privile·

59 2437 98 2463 giis
113 2437 170 2458 Cam.
183 2438 219 2463 Ap.

858 298 1005 322 CLEMENS
1027 298 1083 320 vm
1104 298 1154 321 I‘Pt

242 345 348 378 busris
382 345 477 378 etiam
519 346 679 379 iudicibus
712 346 814 379 dictae
851 346 984 386 Curiae,

243 405 272 431 et
308 399 453 442 personis
497 400 636 443 quibus,
673 406 700 433 et
742 400 868 444 quoties
908 411 988 443 opus

243 453 353 493 fuerit,
372 454 430 486 sub
451 454 635 491 sententiis,
660 454 805 487 censuris
826 460 855 487 et
876 454 988 497 poenis

243 506 485 545 ecclesiasticis,
506 513 536 540 et
557 507 653 539 etiam
682 507 876 550 pecuniariis
903 507 988 539 aliis-

244 570 305 603 que
337 560 459 603 poenis,
482 566 579 603 prout
605 559 665 592 sibi
694 560 878 598 videbitur,
904 560 988 592 iulii-

243 613 351 653 bendi,
376 620 406 646 et
434 613 465 645 in
491 619 639 645 eventum
662 623 727 645 non
745 613 925 656 paritionis,
950 614 989 646 ad

245 667 495 700 declarationem
533 667 681 699 incursus
718 678 928 699 censurarum
961 672 991 699 et.

245 730 422 763 poenarum
442 720 628 753 huiusmodi
650 721 857 763 procedendi,
871 732 907 753 ac
921 731 989 753 sen-

246 774 360 806 tentias
381 774 519 817 desuper
548 774 696 806 serendas
724 774 851 806 debitae
871 784 987 806 execu-

248 826 325 859 tioni
340 826 556 859 demandandi
569 838 625 859 seu
638 827 826 859 demandari
840 826 987 865 faciendi,
1009 825 1011 839 ³

247 880 499 913 contradictores
532 880 694 923 quoslibet
726 885 756 912 et
786 880 922 912 rebelles
955 890 991 912 ac

246 991 413 1030 praetextu
431 997 486 1019 seu
508 986 653 1030 quaesito
675 987 783 1019 colore
804 997 836 1019 se
858 997 992 1030 quomo—

248 1040 370 1073 dolibet
391 1046 602 1084 opponentes,
627 1051 685 1083 per
704 1039 824 1072 similes
842 1050 993 1072 censuras

248 1099 278 1126 et
310 1103 452 1136 poenas,
482 1093 608 1136 aliaque
642 1098 825 1136 opportuna
854 1092 932 1125 iuris
964 1098 994 1125 et

249 1147 321 1179 sacti
354 1146 498 1179 remedia
530 1146 775 1189 compescendi,
805 1157 840 1179 ac
870 1146 991 1179 brachii

249 1200 423 1233 saecularis
443 1199 597 1232 auxilium
620 1199 802 1232 invocandi.

295 1256 311 1296 ξ
337 1254 384 1287 11.
420 1255 551 1286 Necnon
584 1263 809 1297 quaecumque
835 1253 932 1285 dubia
964 1259 992 1286 et

249 1307 463 1346 difficultates,
488 1307 609 1350 siquae
630 1306 879 1349 praemissorum
902 1316 994 1339 occa—

249 1361 338 1395 sione
359 1360 605 1405 quomodolibet
626 1359 703 1392 oriri
727 1359 907 1401 contigerit,
933 1361 991 1393 de-

250 1415 394 1448 clarandi
416 1420 446 1447 et
467 1413 712 1457 interpretandi.

294 1470 310 1511 g
333 1468 381 1501 12,
413 1469 456 1501 Ac
477 1478 700 1511 quaecumque
728 1467 853 1507 edicta,
877 1472 993 1500 statuta

250 1527 281 1555 et
300 1521 520 1554 ordinationes
539 1530 596 1563 pro
611 1519 826 1563 exequutione
841 1519 994 1563 praemis-

250 1585 359 1608 sorum
375 1601 382 1615 ,
406 1574 465 1607 sub
491 1573 655 1616 quibusvis
676 1572 789 1616 poenis
809 1572 868 1605 sibi
890 1573 991 1605 bene-

249 1627 334 1667 visis,
356 1627 526 1667 condendi,
552 1632 581 1659 et
600 1627 729 1660 condita
755 1626 910 1665 mutandi,
938 1637 994 1659 seu

250 1681 283 1714 in
313 1686 379 1714 toto
402 1681 449 1714 vel
471 1681 501 1713 in
522 1686 614 1724 parte
645 1680 845 1722 abrogandi,
878 1680 995 1723 illaque

252 1734 471 1778 imprimendi,
497 1739 527 1766 et
547 1733 642 1766 etiam
664 1733 916 1776 peraffixionem
937 1744 995 1776 pu-

250 1788 404 1829 blicandi,
421 1787 595 1831 omniaque
617 1794 644 1820 et
667 1787 792 1829 singula
814 1787 875 1819 alia
889 1787 919 1819 in
934 1787 994 1819 eis-

252 1843 325 1876 dem
345 1842 479 1885 singulis
499 1842 695 1886 praemissis,
718 1848 748 1875 et
769 1842 853 1875 circa
875 1853 911 1874 ea
933 1852 991 1874 ne-

253 1896 390 1930 cessaria
425 1907 481 1929 seu
511 1896 757 1939 quomodolibet
788 1901 993 1939 opportuna,

254 1951 348 1994 eique
369 1950 520 1983 benevisa
534 1950 681 1990 faciendi,
699 1949 889 1993 exequendi,
901 1950 995 1982 etiam

255 2005 342 2038 omni
357 2010 387 2038 et
401 2015 606 2048 quacumque
627 2004 844 2048 appellatione
863 2009 998 2043 remota,

254 2059 395 2102 plenam,
420 2057 553 2090 liberam
569 2063 599 2091 et
619 2058 841 2091 omnimodam
864 2057 997 2090 faculta-

256 2118 342 2151 tem,
367 2116 559 2155 potestatem
581 2117 611 2144 et
631 2111 857 2144 auctoritatem
882 2122 998 2154 perpe-

255 2171 310 2199 tuo
331 2164 513 2204 tribuimus,
529 2165 737 2198 concedimus
758 2170 789 2198 et
808 2164 995 2206 elargimur.

1016 2213 1153 2248 ³eisdem
1174 2212 1356 2256 praemissis
1370 2211 1601 2249 consenserint,
1626 2215 1679 2243 aut
1701 2209 1778 2242 alias

301 2220 317 2261 ξ
339 2218 391 2251 13.
423 2218 580 2261 Quodque
602 2228 715 2251 omnes
736 2223 765 2250 et
785 2217 902 2259 singuli
924 2217 998 2249 dicti

256 2272 369 2305 Montis
401 2271 554 2304 officiales
572 2276 602 2304 et
622 2269 779 2310 ministri,
814 2275 876 2302 tam
902 2269 1001 2301 civili-

257 2332 305 2359 ter
325 2335 423 2368 quam
446 2324 668 2364 criminaliter,
695 2333 753 2366 pro
774 2322 927 2364 negociis,
951 2333 1001 2355 re-

256 2379 316 2412 bus
337 2378 480 2411 ethonis
507 2379 546 2410 ad
568 2378 687 2410 dictum
716 2377 853 2409 Montem
875 2385 947 2407 vere
971 2380 1001 2408 et

257 2431 479 2475 principaliter
509 2429 725 2474 spectantibus
753 2434 780 2461 et
807 2428 998 2472 pertinenti-

257 2485 328 2524 bus,
346 2484 434 2525 alibi,
453 2490 516 2517 tam
533 2483 727 2516 iudicialiter
747 2493 843 2525 quam
866 2481 1002 2515 extraiu-

259 2537 428 2578 dicialiter,
446 2536 610 2570 conveniri
626 2542 652 2569 et
671 2535 832 2568 molestari
852 2545 914 2567 non
931 2546 1002 2578 pos-

259 2591 321 2624 sint
347 2601 443 2634 quam
476 2600 585 2623 coram
608 2589 692 2622 dicto
722 2592 921 2631 protectore,
946 2598 1001 2619 seu

260 2645 299 2678 ab
320 2655 358 2677 eo
376 2643 584 2687 deputando,
614 2648 724 2675 contra
745 2652 826 2684 quos
844 2651 955 2673 omncs
973 2646 1003 2673 et

260 2698 405 2741 singulos
427 2697 579 2731 officiales
604 2702 635 2730 et
655 2695 835 2736 ministros,
857 2694 1004 2728 videlicet

1671 282 1735 317 853

1023 345 1266 388 depositarium,
1281 344 1457 383 custodem,
1468 342 1660 386 capserium,
1676 352 1764 374 com-

1023 397 1174 441 putistam
1204 403 1232 430 et
1255 397 1333 430 alios
1355 397 1466 440 quovis
1485 395 1615 428 nomine
1635 405 1763 428 nuncu-

1023 457 1123 494 patos,
1150 456 1211 483 tam
1242 456 1425 494 praesentes
1446 460 1542 493 quam
1571 449 1712 488 futuros,
1737 454 1767 482 et

1023 515 1134 537 eorum
1157 504 1364 537 fideiussores
1394 514 1449 536 seu
1471 503 1715 546 approbatores,
1730 513 1766 535 ac

1024 569 1135 591 eorum
1154 558 1239 591 bona
1260 550 1495 601 quaecumque,
1520 557 1717 599 ubicumque
1737 561 1768 589 et

1006 612 1055 644 xin
1077 612 1336 655 quilmscumque
1368 611 1463 644 rebus
1492 610 1676 650 existentia,
1709 619 1768 653 pro

1007 690 1009 692 v
1027 665 1206 698 redditione
1220 675 1331 697 eorum
1351 663 1648 703 administrationis,
1667 668 1697 695 et
1710 674 1768 706 pro

1008 710 1135 752 }eorum
1163 718 1279 751 debitis
1310 718 1349 750 ad
1376 718 1516 749 savorem
1549 717 1625 749 dicti
1655 716 1769 749 Montis

1027 771 1198 805 contractis
1208 777 1237 804 et
1249 770 1477 804 contrahendis
1487 770 1669 814 praedictis,
1683 770 1770 803 Mons

1027 836 1062 857 ac
1084 825 1151 857 eius
1183 824 1364 867 provisores
1385 829 1413 856 et
1437 823 1588 856 officiales
1617 823 1701 856 idem
1723 823 1770 856 ius

1010 883 1057 928 ¹ct
1074 876 1289 920 privilegium,
1314 877 1526 919 eamdemque
1544 876 1715 915 actionem,
1739 876 1771 908 in

246 933 430 976 praemissis
451 943 516 965 non
546 939 716 976 parentes,
741 933 851 976 eisque
880 933 1011 976 quovisl

1028 931 1179 964 omnibus
1194 936 1223 963 et
1237 940 1295 973 per
1308 929 1427 969 omnia,
1445 940 1480 961 ac
1505 929 1728 972 pariformiter
1742 935 1772 962 et

1028 985 1095 1018 sine
1116 985 1181 1017 ulla
1205 993 1339 1027 prorsus
1364 982 1556 1023 differentia,
1581 982 1721 1015 habeant
1742 988 1772 1015 et

1028 1037 1203 1081 potiantur,
1228 1047 1264 1068 ac
1278 1046 1426 1069 exercere
1444 1036 1568 1079 possint
1588 1041 1619 1068 et
1634 1036 1767 1073 valeant,

1028 1101 1110 1133 quae
1134 1090 1284 1123 Gamerae
1316 1088 1519 1132 Apostolicae
1546 1099 1582 1120 ac
1607 1088 1684 1121 fisco
1712 1098 1770 1121 no-

1028 1150 1115 1184 stro,
1144 1148 1257 1176 contra
1277 1143 1407 1176 illorum
1438 1142 1601 1175 debitores
1623 1142 1661 1174 de
1687 1141 1767 1176 iure.

1030 1209 1099 1238 usu,
1117 1197 1350 1230 consuetudine
1360 1202 1414 1229 aut
1434 1195 1511 1228 alias
1525 1195 1772 1239 quomodolibet

1029 1256 1238 1294 competunt,
1269 1255 1320 1281 aut
1351 1255 1537 1292 competere
1563 1254 1715 1292 poterunt
1740 1248 1771 1281 in

1029 1304 1182 1341 futurum,
1207 1313 1270 1335 non
1294 1309 1399 1334 tamen
1414 1308 1526 1335 contra
1549 1302 1649 1344 ipsam
1664 1302 1772 1335 Came-

1030 1367 1096 1388 ram
1118 1361 1173 1388 aut
1197 1355 1281 1388 illius
1302 1355 1427 1387 liscum.

1074 1412 1090 1451 g
1118 1409 1164 1441 14.
1180 1409 1337 1451 Quodque
1348 1407 1449 1441 solitis
1465 1407 1618 1451 depositis
1633 1408 1772 1440 deman-

1030 1464 1103 1496 dato
1135 1464 1368 1506 cuiuscumque
1403 1462 1516 1495 iudicis
1545 1462 1769 1506 competentis,

1029 1528 1087 1550 nec.
1108 1518 1205 1555 Mons,
1224 1516 1368 1549 minusve
1385 1516 1451 1549 eius
1466 1515 1618 1548 officiales
1638 1515 1773 1547 ulterius

1032 1575 1223 1609 teneantur,
1251 1579 1310 1601 nec
1334 1574 1521 1601 remaneant
1540 1568 1683 1610 obligati,
1708 1578 1773 1600 non

1030 1625 1177 1658 obstante
1204 1634 1408 1667 quacumque
1437 1622 1665 1666 appellatione,
1690 1632 1774 1664 quae

1030 1684 1141 1711 contra
1173 1678 1360 1710 mandatum
1394 1677 1536 1709 eiusdem
1567 1675 1682 1709 iudicis
1704 1675 1773 1708 fieri

1030 1737 1148 1776 posset.

1076 1788 1091 1827 ξ
1118 1784 1165 1817 15.
1197 1786 1410 1817 Decernentes
1442 1788 1627 1827 praesentes
1654 1783 1774 1816 litteras

1031 1846 1059 1871 et
1079 1839 1110 1871 in
1132 1838 1176 1871 eis
1191 1843 1341 1871 contenta
1359 1847 1582 1880 quaecumque
1601 1836 1689 1869 nullo
1703 1846 1775 1868 um-

1031 1903 1126 1936 quam
1147 1897 1303 1934 tempore,
1325 1890 1420 1923 etiarn
1436 1900 1471 1922 ex
1492 1900 1529 1922 eo
1551 1890 1637 1933 quod
1658 1889 1774 1922 notarii

1032 1946 1126 1978 etiam
1141 1944 1326 1978 criminales
1340 1943 1577 1985 gubernatoris,
1594 1954 1630 1975 ac
1639 1942 1775 1975 aliorum

1032 1999 1176 2032 omnium
1204 1997 1307 2030 dictae
1324 1997 1418 2030 Urbis
1438 1996 1658 2035 tribunalium,
1676 2001 1706 2028 et
1724 2006 1777 2028 eo-

1033 2063 1103 2085 rum
1131 2051 1318 2090 creditores,
1336 2056 1365 2083 et
1379 2050 1575 2093 quicumque
1597 2048 1779 2090 collitigan-

1034 2112 1078 2140 tes
1109 2105 1183 2138 dicti
1221 2103 1333 2137 Montis
1352 2131 1359 2143 ‚
1401 2103 1584 2146 caeterique
1624 2102 1778 2135 interesse

1034 2160 1187 2193 babentes
1208 2159 1247 2192 ad
1269 2159 1330 2191 boc
1357 2158 1458 2191 vocati
1480 2168 1544 2190 non
1566 2156 1693 2194 suerint,
1715 2166 1774 2189 nec

1034 2269 1072 2301 (le
1094 2266 1312 2310 subreptionis
1333 2266 1380 2298 vel
1401 2264 1613 2308 obreptionis,
1634 2269 1688 2296 aut
1708 2264 1779 2296 nul-

1034 2321 1130 2354 litatis
1151 2320 1238 2360 vitio,
1271 2330 1326 2353 seu
1353 2318 1539 2351 intentionis
1560 2323 1708 2355 nostrae,
1729 2318 1777 2349 vel

1035 2375 1096 2408 alio
1115 2384 1321 2417 quocumque
1350 2373 1475 2405 defectu
1510 2371 1635 2410 notari,
1665 2371 1774 2414 impu-

1036 2429 1137 2471 gnari,
1162 2427 1339 2466 retractari,
1368 2438 1423 2459 seu
1451 2425 1482 2458 in
1503 2425 1551 2458 ius
1576 2425 1623 2457 vel
1643 2429 1775 2457 contro-

1038 2481 1172 2515 versiam
1188 2480 1308 2520 vocari,
1325 2485 1377 2513 aut
1392 2479 1431 2512 ad
1447 2478 1621 2512 terminum
1637 2477 1715 2510 iuris
1731 2488 1779 2510 re-

1037 2534 1121 2573 duci,
1140 2534 1186 2566 vel
1197 2534 1349 2566 adversus
1364 2532 1432 2565 illas
1444 2532 1675 2575 quodcumque
1688 2530 1776 2570 iuris,

1037 2588 1082 2620 vel
1118 2587 1210 2627 sacti,
1239 2592 1289 2619 aut
1317 2586 1438 2629 gratiae
1465 2585 1645 2618 remedium
1672 2584 1776 2628 impe--

1039 2641 1115 2673 trari
1132 2650 1236 2683 posse,
1254 2649 1359 2682 neque
1373 2639 1434 2672 sub
1447 2638 1612 2682 quibusvis
1625 2637 1778 2670 sin‘iilium

1037 2694 1085 2727 vel
1116 2693 1319 2727 dissimilium
1351 2692 1528 2735 gratiarum
1562 2690 1777 2725 revocationi-

1781 291 1830 318 An.
1850 291 1878 318 C.
1898 290 1966 318 1602

1801 1414 1884 1435 Solutio
1895 1413 1972 1434 Montis

1787 1442 1874 1468 praevio
1897 1440 1972 1460 indicis

1788 1469 1925 1489 decretotuta
1935 1469 1973 1487 est.

1811 1787 1921 1808 Clausal-‘ie
1937 1787 1975 1806 bu-

1791 1814 1880 1835 iusmodi
1889 1819 1975 1833 conces-

1790 1847 1871 1861 sionum
1879 1845 1975 1866 prat-serv

1768 1889 1774 1894 ,
1791 1870 1883 1888 murae.
