2253 3195
265 205 313 233 An.
336 205 365 233 C.
384 206 450 235 ¹506
495 197 559 230 270

299 582 418 604 Exordium.

292 901 405 925 statutum.
421 902 446 922 dc

266 934 306 954 quo
319 928 339 949 in
354 928 446 949 rubrica.

320 2124 403 2146 Poenae
430 2126 450 2147 iu

266 2152 440 2177 transgressores.

510 256 599 289 bruci
626 255 804 299 plusquam
827 255 996 287 duodecim
1022 259 1124 292 scuta,
1145 265 1205 299 pro

508 309 650 352 quolibet
668 308 815 351 piqnorr.
832 311 945 340 mutuo
958 307 1036 340 dare
1046 308 1171 351 possint
1182 308 1202 341 ¹.

674 397 809 424 Clemens
825 396 905 430 Papa
920 396 999 428 VIII,

592 452 627 478 ad
643 454 818 485 perpetuam
833 451 877 479 rei
896 451 1077 480 memoriam.

510 524 644 556 Paterna
672 528 780 556 nostra
801 533 876 565 erga
897 529 1029 558 cunctos
1053 524 1205 558 christili-

465 577 551 609 deles
578 586 615 609 ac
647 586 805 620 pauperes
838 577 1027 621 praesertim
1052 589 1206 622 personas

464 629 603 662 charitas
623 639 682 663 nos
702 630 865 671 admonet,
889 637 924 664 ut
943 642 979 665 ea
999 642 1081 675 quae
1101 632 1133 665 in
1154 642 1206 665 ea-

463 683 611 716 rumdem
637 694 817 727 pauperum
849 694 1060 728 personarum
1082 686 1205 719 beneti-

463 736 548 769 cium
566 736 680 769 cedere
701 746 794 780 posse
815 738 1040 780 cognoscimus
1054 766 1061 777 ‚
1085 749 1205 783 oppor-

463 794 539 823 tuna
559 789 742 834 provisione
759 800 981 834 procuremus.

508 844 524 885 ξ
546 843 575 875 1.
596 843 737 876 Proinde
751 854 787 876 ex
800 843 890 877 iustis
911 846 942 877 et
960 845 1206 879 rationabilibus

463 896 566 931 causis
577 896 721 930 animum
733 903 878 931 nostrum
893 898 1106 940 moventibus,
1117 904 1206 933 motu

463 949 597 994 proprio
617 956 648 983 et
671 961 707 983 ex
728 957 815 984 certa
842 951 991 992 seientia,
1015 963 1052 985 ac
1081 958 1207 986 matura

465 1003 697 1037 deliberatione
717 1004 855 1045 nostris,
879 1016 916 1038 ac
940 1005 980 1039 de
1011 1006 1206 1050 apostolicae

464 1056 629 1100 potestatis
649 1057 862 1100 plenitudine,
877 1063 912 1090 ut
932 1058 1066 1102 posthac
1083 1059 1115 1092 in
1135 1070 1207 1103 per-

465 1116 597 1152 petuum
617 1109 753 1153 pignora
773 1120 1009 1155 quaecumque,
1025 1122 1122 1156 super
1137 1112 1207 1156 qui-

464 1163 524 1196 bus
535 1163 671 1197 Hebraei
682 1163 836 1207 pecunias
845 1169 910 1197 tam
920 1164 1099 1209 hucusque,
1110 1176 1207 1210 quam

464 1216 676 1261 imposterum
695 1217 923 1258 mutuaverint,
935 1229 1018 1262 quae
1034 1219 1123 1263 lapso
1137 1230 1208 1264 spa-

465 1269 508 1303 tio
529 1270 641 1303 decem
670 1276 702 1303 et
730 1276 802 1304 octo
823 1271 981 1304 mensium
995 1298 1002 1309 ,
1026 1271 1065 1304 ab
1086 1272 1206 1306 eisdem

464 1323 616 1357 Hebraeis
636 1334 694 1368 per
713 1323 923 1358 licitationem
953 1325 1146 1366 venduntur,
1176 1326 1207 1360 in

464 1377 569 1411 Monte
585 1377 714 1411 Pietatis
732 1378 772 1411 de
793 1378 878 1412 Urbe
899 1378 1076 1419 dumtaxat,
1092 1379 1125 1412 in
1137 1380 1207 1413 loco

464 1430 505 1464 ad
521 1430 713 1464 licitationes
733 1430 894 1464 faciendas
914 1431 958 1463 ibi
980 1431 1161 1474 designato,
1178 1438 1209 1466 et

464 1494 529 1518 non
549 1485 637 1526 alibi,
657 1485 751 1519 vendi
772 1496 830 1530 per
849 1485 1035 1520 huiusmodi
1060 1486 1208 1521 licitatio-

464 1549 538 1572 nem
560 1539 717 1579 debeant;
740 1544 839 1583 utque
857 1539 1081 1584 imposterum,
1103 1552 1140 1574 ex
1160 1541 1207 1575 iu-

463 1591 519 1624 stis
536 1591 684 1625 similiter
701 1597 731 1625 et
748 1592 994 1626 rationabilibus
1012 1593 1115 1627 causis
1132 1594 1203 1627 ani-

464 1656 554 1678 mum
574 1651 720 1678 nostrum
738 1646 951 1687 moventibus,
973 1646 1049 1680 dicti
1069 1648 1206 1681 Hebraei

463 1698 543 1731 nulli
563 1709 721 1742 personae
740 1710 838 1743 super
854 1699 1055 1743 pignoribus,
1071 1711 1154 1744 quae
1167 1702 1207 1735 ad

465 1761 519 1785 eos
539 1751 728 1785 deferuntur
747 1753 911 1796 pecunias,
934 1764 1036 1798 usque
1056 1755 1096 1787 ad
1113 1765 1204 1788 sum-

465 1815 551 1838 mam
583 1810 749 1838 scutorum
775 1806 947 1840 duodecim
975 1813 1125 1841 monetae
1157 1809 1207 1842 in-

465 1859 583 1892 clusive
599 1860 819 1900 ascendentes,
834 1860 943 1904 aliquo
956 1861 1054 1895 modo
1066 1862 1206 1895 mutuari

464 1910 604 1955 possint,
639 1910 830 1944 auctoritate
866 1912 1042 1956 apostolica
1055 1940 1063 1953 ,
1094 1918 1207 1947 tenore

463 1964 693 2009 praesentium,
716 1971 871 2010 perpetuo
899 1967 1086 2008 statuimus,
1110 1978 1204 2001 man-

466 2018 579 2051 damus
599 2023 630 2052 et
650 2018 848 2052 ordinamus.

511 2072 575 2115 52.
599 2072 783 2107 Inhibentes
806 2079 979 2118 propterea
1009 2075 1207 2109 universitati

464 2126 697 2168 Hebraeorum,
721 2132 752 2160 et
775 2127 1025 2171 particularibus
1054 2128 1207 2162 Hebraeis

465 2179 735 2224 quibuscumque,
750 2181 808 2214 sub
829 2181 1081 2225 quingentorum
1102 2188 1207 2216 scuto-

465 2243 537 2266 rum
554 2233 625 2266 auri
645 2234 678 2266 in
698 2244 777 2267 auro
804 2234 865 2278 ipsi
885 2234 983 2267 Monti
1004 2235 1132 2268 Pietatis
1153 2246 1208 2279 ap-

464 2287 710 2331 plicandorum,
739 2287 895 2321 nullitatis
928 2289 1141 2330 venditionis,
1171 2300 1208 2324 ac

465 2340 646 2374 amissionis
671 2340 883 2385 pecuniarum
912 2347 1131 2376 mutuatarum
1147 2370 1154 2383 ,
1177 2348 1208 2376 et

466 2394 536 2427 aliis
556 2394 691 2428 arbitrio
711 2400 823 2428 nostro
843 2405 882 2428 eo
902 2395 983 2439 ipso,
1007 2406 1071 2440 quo
1091 2397 1204 2430 vendi-

467 2447 571 2481 derint
595 2454 626 2481 et
645 2449 883 2490 mutuaverint,
907 2449 1109 2484 incurrendis
1129 2461 1207 2494 poe-

420 2527 426 2535 .
466 2500 525 2541 nis,
540 2511 580 2535 ne
598 2502 734 2545 pignora
753 2502 916 2536 huismodi
936 2503 1115 2544 vendenda,
1132 2503 1208 2536 alibi

467 2554 610 2597 posthac,
634 2565 730 2598 quam
751 2555 783 2588 in
803 2555 968 2599 praedicto
998 2557 1103 2590 Monte
1131 2556 1205 2590 Pie-

505 2617 515 2642 1
533 2615 571 2642 Ex
584 2616 694 2652 Regest.
711 2616 737 2643 in
753 2616 854 2644 Secret.
868 2617 1000 2645 Brevium.

1049 206 1232 232 BULLAIIIUM
1252 206 1407 232 nonarum

1240 255 1324 295 tatis,
1345 260 1375 288 et
1396 255 1427 288 in
1451 255 1523 288 loco
1549 255 1592 288 ibi
1618 255 1796 299 designato,
1819 257 1978 297 vendere,

1241 318 1318 341 neve
1345 308 1497 352 pecunias
1525 308 1564 341 ad
1593 319 1753 342 summam
1781 309 1980 354 praedictam

1240 367 1403 394 scutorum
1417 361 1588 395 duodecim
1601 363 1820 403 ascendentes,
1838 363 1981 396 cuicum-

1241 426 1303 458 que
1323 425 1490 458 personae,
1514 426 1611 459 super
1641 415 1843 459 pignoribus,
1868 422 1980 450 mutuo

1241 468 1317 501 dare
1337 468 1475 502 audeant
1496 479 1551 501 seu
1572 475 1790 512 praesumant.

1285 523 1301 564 g
1321 521 1352 554 3.
1369 522 1437 555 Non
1459 522 1660 555 obstantibus
1674 522 1843 566 quibusvis
1864 523 1981 556 consti-

1242 576 1418 610 tutionibus
1438 582 1469 610 et
1488 576 1747 610 ordinationibus
1774 576 1957 620 apostolicis
1971 604 1978 617 ,

1240 640 1276 662 ac
1295 629 1420 663 statutis
1440 635 1470 662 et
1490 629 1790 669 consuetudinibus,
1813 629 1908 662 etiam
1935 629 1983 663 iu-

1241 688 1406 722 ramento,
1443 683 1690 716 confirmatione
1721 682 1911 726 apostolica,
1934 683 1982 716 vel

1240 735 1351 779 quavis
1368 735 1519 769 firmitate
1539 736 1601 768 alia
1622 735 1793 775 roboratis,
1808 736 1984 780 privilegiis

1241 798 1381 832 quoque,
1397 788 1526 821 indultis
1543 794 1573 821 et
1592 788 1705 822 litteris
1716 788 1899 832 apostolicis
1912 789 1984 822 uni-

1240 841 1381 875 versitati
1399 841 1583 886 praedictae
1597 841 1829 881 Hebraeorum,
1845 847 1901 875 aut
1913 842 1983 875 aliis

1241 895 1500 939 quibuscumque
1517 895 1549 928 in
1569 895 1768 928 contrarium
1789 896 1982 940 praemisso-

1241 959 1312 981 rum
1333 948 1579 992 quomodolibet
1598 948 1768 989 concessis,
1785 948 1983 982 confirmatis

1241 1007 1273 1035 et
1289 1002 1484 1046 approbatis
1507 1002 1706 1046 caeterisque
1722 1001 1893 1035 contrariis
1913 1002 1984 1046 qui-

1242 1056 1454 1100 buscumque.

1286 1111 1399 1144 Datum
1421 1110 1542 1144 Romae
1555 1110 1641 1154 apud
1653 1109 1684 1144 S.
1700 1110 1842 1143 Marcum
1855 1110 1914 1144 sub
1927 1121 1984 1143 an-

1243 1163 1320 1196 nulo
1340 1163 1520 1203 piscatoris,
1535 1163 1587 1196 die
1599 1173 1658 1197 xxv
1671 1163 1746 1196 maii
1760 1173 1890 1203 iinxcvi,
1904 1173 1984 1207 pon-

1243 1215 1381 1249 tificatus
1400 1215 1499 1249 nostri
1521 1226 1605 1249 anno
1626 1226 1656 1249 v.

1279 1277 1337 1305 Dat.
1350 1277 1393 1305 die
1413 1277 1447 1306 25
1467 1277 1530 1305 maii
1547 1278 1625 1311 1596,
1647 1279 1722 1313 pont.
1739 1286 1783 1306 au.
1801 1285 1827 1305 v.

1536 1438 1693 1473 CXXXIII.

1242 1546 1412 1580 Institutio
1425 1546 1685 1590 congyreyationis
1700 1556 1797 1590 super
1810 1546 1985 1580 baronibus

1286 1609 1397 1643 Status
1421 1608 1652 1650 Ecclesiastici,
1664 1619 1738 1642 cum
1757 1609 1985 1643 iurisdictione

1286 1682 1398 1705 eorum
1417 1676 1525 1705 castra
1543 1676 1573 1705 et
1590 1672 1684 1712 bona,
1707 1672 1807 1705 etiam
1823 1671 1985 1714 fideicom-

1287 1734 1396 1766 missis
1424 1734 1582 1774 subiecta,
1613 1733 1823 1768 distrahendi
1847 1745 1908 1778 pro
1927 1745 1985 1768 sa-

1288 1795 1471 1838 tisfactione
1489 1796 1697 1829 creditorum.

1269 1885 1404 1912 Clemens
1424 1884 1594 1919 opiscopus,
1607 1892 1713 1913 servus
1729 1892 1884 1914 servorum
1894 1886 1956 1919 Βοί,

1360 1940 1396 1966 ad
1418 1941 1593 1973 perpetuam
1614 1939 1660 1966 rei
1682 1939 1863 1968 memoriam.

1285 2018 1426 2052 Iustitiae
1445 2019 1528 2052 ratio
1557 2024 1588 2052 et
1614 2019 1764 2063 publicae
1794 2019 1870 2053 fidei
1890 2030 1986 2054 causa

1241 2072 1397 2116 postulat,
1420 2077 1456 2105 ut
1476 2082 1589 2105 eorum
1611 2072 1665 2116 qui
1690 2073 1844 2116 pecunias
1867 2073 1985 2107 nostris

1243 2133 1273 2160 et
1298 2127 1432 2160 Sanctae
1464 2127 1628 2160 Romanae
1657 2126 1818 2160 Ecclesiae
1849 2127 1985 2161 subditis

1242 2179 1460 2220 crediderunt,
1484 2190 1540 2213 seu
1569 2179 1686 2224 quibus
1715 2179 1838 2223 aliquid
1865 2180 1905 2213 ab
1925 2180 1985 2214 eis-

1243 2233 1327 2273 dem,
1351 2233 1461 2276 quavis
1482 2232 1652 2266 occasione
1671 2233 1720 2266 vel
1741 2243 1836 2266 causa
1849 2260 1856 2274 ,
1881 2233 1981 2267 debe-

1242 2293 1305 2327 tur,
1322 2286 1538 2327 indemnitati,
1554 2296 1614 2330 pro
1634 2296 1768 2319 munere
1787 2291 1908 2328 nostro,
1927 2297 1985 2331 op-

1242 2346 1382 2385 portuno
1403 2339 1548 2373 remedio
1569 2339 1785 2373 consulamus.

1286 2395 1303 2436 g
1317 2393 1348 2426 1.
1364 2393 1442 2427 Cum
1454 2393 1551 2436 igitur
1563 2393 1739 2426 multorum
1751 2393 1892 2437 querelis
1904 2393 1984 2427 iam-

1243 2447 1297 2480 diu
1317 2447 1357 2480 ad
1382 2457 1442 2479 nos
1466 2446 1625 2490 perlatum
1646 2445 1705 2486 sit,
1731 2451 1762 2479 et
1789 2446 1985 2490 quotidianis

1243 2499 1551 2543 expostulationibus
1582 2498 1782 2542 perferatur,
1810 2499 1984 2533 nonnullos

1242 2556 1379 2590 barones
1399 2561 1430 2589 et
1450 2555 1638 2590 domicellos
1657 2560 1784 2590 nostros
1804 2561 1835 2589 et
1850 2556 1984 2590 Sanctae

1242 2610 1406 2643 Romanae
1429 2609 1588 2643 Ecclesiae
1610 2609 1766 2651 subditos,
1778 2615 1843 2643 tam
1857 2609 1889 2642 in
1899 2609 1985 2643 Urbe

1997 208 2044 235 An.
2066 207 2095 236 C.
2113 208 2178 237 159ss

2049 534 2180 558 obstantium

1997 561 2115 586 derogatio.

2027 2024 2170 2046 Prooemium.
2191 2022 2194 2023 ⁷

2025 2400 2108 2422 Causae
2119 2398 2182 2430 ¹huius

1999 2427 2143 2449 institutitims.
