2253 3195
55 245 104 272 An.
121 246 151 271 (2.
172 244 233 271 1601

80 1099 177 1119 Vicat-ius
187 1098 237 1119 Ere-

5 1127 8 1141 ἱ
54 1126 82 1146 mi
103 1126 191 1150 eligatur
213 1131 237 1145 ex

5 1149 8 1179 s
55 1152 106 1179 ipsis
122 1152 224 1173 eremitis.

8 1589 13 1601 e
99 1577 238 1599 Eremitaruni

8 1603 13 1615 *¹
56 1605 157 1632 professio
164 1621 169 1629 ,
183 1610 238 1631 quae

8 1627 13 1646 Ψ
57 1637 102 1653 esse
117 1631 201 1652 debeat.

90 2109 138 2129 rusi
153 2115 198 2129 etun
214 2109 239 2129 ab

61 2134 133 2156 Erenio
165 2136 239 2165 diverti

60 2167 100 2182 nnn
114 2165 186 2188 possit.

107 2480 241 2506 Superior-mn

63 2507 175 2535 nucturitas
190 2507 242 2528 dau-

13 2537 15 2544 ·
63 2531 242 2554 dilirentiamrir-

64 2563 89 2578 ca
107 2559 163 2580 cli-iri
178 2562 242 2581 serri-

64 2584 112 2605 tiunt
144 2589 165 2607 et
191 2587 242 2607 ieiu-

64 2610 125 2632 ntum.

865 239 1010 262 CLEMENS
1032 239 1088 261 tht
1109 239 1158 261 FP.

250 293 459 331 absolventes,
472 297 499 324 et
512 290 675 323 absolutos
689 290 754 321 fore
770 293 945 327 censentes,
957 297 992 319 ex

249 346 405 378 sententia
433 352 459 377 et
488 350 560 376 voto
582 342 771 375 venerabilis
799 341 903 374 fratris
924 340 992 373 Iulii

250 399 391 437 Antonii,
403 398 541 442 episcopi
552 396 833 435 l'raenestinensis,
847 394 994 427 cardina-

250 452 287 485 lis
308 453 337 485 S.
352 451 521 485 Severinae
540 449 727 493 nuncupati,
745 449 827 481 ultra
847 459 895 487 ea,
912 458 994 490 quae

250 517 307 549 per
325 505 401 538 alias
414 510 538 536 nostras
552 503 583 534 in
602 502 699 535 simili
712 502 813 534 forma
827 500 930 533 brevis
946 500 995 532 lit-

252 565 333 591 teras
355 558 412 590 sub
434 557 497 589 dat.
520 566 585 589 xxii
603 554 744 588 octobris
760 564 895 591 noxum,
915 563 995 596 pon-

251 612 388 645 tificatus
409 610 509 643 nostri
532 619 616 642 anno
637 608 793 647 seeundo,
818 606 991 650 expeditas,

251 674 388 708 quorum
399 669 543 696 tenorem
564 661 788 705 praesentibus
800 670 858 704 pro
867 670 994 702 expres-

251 717 292 749 sis
304 716 414 749 haberi
426 716 583 755 volumus,
598 725 656 758 pro
667 714 751 747 dicta
760 714 875 746 Eremo
884 712 996 745 Montis

251 769 373 803 Senarii
395 768 623 808 concessimus,
647 778 728 811 quae
750 766 858 799 omnia
876 770 906 799 ct
925 765 993 798 sin-

251 824 326 865 gula
345 834 403 867 per
422 827 607 867 praesentes
632 821 727 854 etiam
750 826 906 864 perpetuo
921 830 996 852 con-

251 877 418 909 firmamus
444 882 471 909 et
503 876 741 919 approbamus,
776 886 811 908 ae
842 880 996 918 perpetuo

252 931 366 967 valida,
395 929 487 962 firma
505 935 535 962 et
553 929 694 962 efficacia
719 940 786 962 esse
804 934 835 962 et
856 929 922 961 fore
944 929 997 961 de-

253 983 426 1016 cernimus.

298 1039 314 1079 ἓ
341 1036 393 1069 16.
418 1036 509 1075 Quod
529 1036 666 1069 vicarius
688 1035 853 1078 eligendus
870 1046 929 1079 pro
950 1046 998 1068 re-

253 1090 372 1133 gimine
387 1091 502 1123 domus
515 1095 545 1122 et
558 1090 663 1122 Eremi
684 1089 866 1132 praedictae
886 1089 998 1122 Montis

253 1143 375 1177 Senarii
397 1153 456 1186 pro
479 1148 624 1186 tempore
644 1142 675 1174 in
697 1150 888 1186 perpetuum
910 1142 948 1175 sit
969 1148 999 1175 et

253 1207 321 1230 esse
337 1196 450 1229 debeat
473 1206 555 1228 unus
575 1206 611 1228 ex
632 1195 707 1239 ipsis
725 1195 878 1235 eremitis,
895 1205 998 1228 saecr-

254 1251 311 1284 dos
343 1250 455 1283 aetatis
487 1259 646 1282 annorum
678 1259 774 1292 supra
798 1259 916 1287 xxxnl,
944 1248 997 1291 qui

253 1304 365 1337 saltem
386 1314 444 1346 per
463 1302 629 1336 biennium
667 1301 698 1334 in
719 1302 835 1335 Eremo
863 1301 995 1343 vixerit,

254 1351 388 1390 inillius
406 1357 564 1390 defectum
585 1356 638 1389 ille
659 1366 695 1389 ex
716 1356 857 1389 eremitis
877 1366 935 1399 pro
955 1356 999 1388 ri-

254 1411 340 1444 cario
361 1410 508 1452 eligatur,
530 1409 584 1452 qui
606 1409 706 1452 magis
731 1409 855 1442 accedit
873 1409 912 1442 ad
933 1409 995 1442 liu-

255 1463 393 1497 iusmodi
414 1463 625 1496 conditiones.

299 1520 315 1560 ξ
337 1517 387 1550 17.
409 1517 565 1560 Quodque
585 1527 697 1549 omnes
717 1516 829 1549 fratres
848 1515 999 1549 eremitae

253 1570 454 1615 probationis
474 1580 593 1602 annum
616 1570 647 1602 in
669 1569 753 1602 dicta
772 1570 887 1602 Eremo
906 1580 1000 1612 agere

255 1626 402 1665 debeant,
427 1624 571 1668 quamvis
585 1624 662 1656 alias
683 1624 849 1657 infantilia
862 1624 998 1657 aliorum

255 1679 388 1711 fratrum
408 1677 613 1710 eremitarum
632 1676 864 1720 professionem
879 1677 997 1710 emise-

255 1732 329 1771 rint;
347 1741 410 1775 quo
422 1741 506 1763 anno
517 1730 636 1773 elapso,
656 1730 999 1774 solemniterprofiteri

255 1785 287 1817 in
308 1784 455 1817 manibus
476 1783 594 1827 prioris
615 1788 790 1816 conxcntus
812 1783 997 1816 Annuncia-

256 1844 305 1871 tae
336 1837 511 1881 supradicti
537 1841 726 1877 teneantur,
757 1837 997 1880 promittendo,

256 1891 341 1924 iuxta
361 1890 607 1923 constitutiones
640 1889 736 1922 factas
764 1895 793 1922 et
818 1889 997 1930 faciendas,

256 1945 340 1978 inter
359 1945 471 1977 fratres
489 1944 574 1988 ipsos
595 1943 744 1976 eremitas
768 1950 926 1987 perpetuo
955 1944 1000 1977 vi-

256 2009 339 2032 rere.
514 2032 519 2037 ,

302 2053 317 2094 ξ
336 2050 387 2084 18.
409 2051 481 2084 Post
503 2051 651 2084 emissam
672 2062 746 2085 vero
767 2050 1000 2095 professionem

257 2105 296 2138 ab
317 2104 502 2137 huiusmodi
534 2104 701 2146 instituto,
733 2116 750 2137 a
781 2104 1002 2148 superioribus

257 2158 488 2202 cuiuscumque
509 2158 626 2200 gradus
647 2158 719 2198 sint,
737 2158 832 2191 etiam
853 2158 878 2191 si
899 2157 1002 2190 cardi-

256 2212 381 2244 nalatus
406 2211 559 2253 dignitate
590 2212 814 2254 praefulgeant
829 2239 836 2252 ‚
871 2220 1002 2254 quoquo

257 2266 365 2305 modo,
383 2264 479 2298 etiam
494 2265 533 2297 ad
552 2265 647 2298 breve
662 2271 798 2309 tempus,
812 2264 923 2298 diverti
937 2274 1002 2297 non

256 2319 400 2362 possint,
432 2323 463 2351 et
491 2329 696 2362 quacumque
731 2318 926 2351 relaxatione
948 2328 1001 2351 seu

257 2371 495 2415 dispensatione
513 2371 641 2415 penitus
663 2372 802 2415 explosa.

302 2427 318 2467 ἓ
341 2424 390 2458 19.
412 2424 518 2457 Liceat
540 2430 645 2458 tamen
666 2424 887 2468 superioribus
904 2424 1002 2457 lieen-

260 2478 333 2511 tiam
345 2478 522 2511 concedere
535 2478 671 2510 infirmis
685 2483 715 2511 et
727 2477 795 2510 aliis
807 2477 847 2510 ob
862 2477 1002 2520 aliquam

259 2531 435 2575 legitimam
454 2542 600 2571 causam,
626 2537 657 2564 ut
677 2530 806 2563 servitio
825 2530 914 2563 eliori
940 2530 1004 2563 sint

259 2585 438 2625 immunes,
473 2595 531 2617 nee
552 2584 590 2616 ab
612 2583 835 2617 observatione
856 2583 966 2617 ieiunii
987 2594 1004 2616 a

260 2638 542 2673 constitutionibus
554 2638 658 2671 Eremi
674 2637 782 2672 indicti
798 2637 1001 2680 generaliter,

1673 222 1733 255 out

1028 286 1160 329 quando
1181 284 1247 318 dies
1265 285 1361 317 festus
1379 282 1532 316 solemnis
1552 281 1660 315 incidit
1685 281 1714 312 in
1729 281 1771 312 fe-

1028 339 1089 371 rias
1110 338 1316 377 ieiuniorum,
1340 348 1393 369 seu
1413 337 1450 369 ad
1471 335 1690 374 ieiunandum,
1708 345 1772 377 quo

1028 402 1122 424 causa
1143 391 1150 407 ¹
1172 392 1271 424 altera
1295 391 1345 423 die
1374 390 1516 422 eiusdem
1549 388 1772 421 hebdomadae

1029 445 1142 477 fratres
1164 444 1317 483 ieiuncnt‚
1343 443 1421 476 itaut
1443 442 1472 474 in
1488 442 1631 486 qualibet
1650 441 1772 473 hebdo-

1029 498 1122 530 mada
1138 497 1231 530 trium
1247 497 1371 529 dierum
1387 496 1541 529 ieiunium
1557 494 1767 538 compleatur.

1074 550 1156 591 §⁹2st
1172 550 1262 589 Quod
1280 550 1460 582 saeculares
1473 547 1582 581 novitii
1596 546 1771 591 recipiendi

1030 610 1058 636 et
1084 603 1292 641 admittendi,
1321 603 1380 635 sint
1403 602 1513 634 saltem
1536 601 1648 634 aetatis
1670 610 1772 633 anno-

1030 668 1101 689 rum
1122 656 1232 698 viginti
1255 657 1404 693 duorum,
1429 666 1465 687 ac
1485 654 1583 698 recipi
1605 659 1635 687 et
1649 653 1773 687 admitti

1030 721 1093 743 non
1123 710 1266 753 possint,
1290 709 1349 741 nisi
1386 710 1424 741 de
1457 719 1613 741 consensu
1643 707 1773 751 capituli

1031 765 1164 796 fratrum
1187 763 1285 807 ipsius
1311 763 1426 795 domus
1446 768 1475 795 et
1499 761 1620 801 Eremi,
1648 771 1774 793 necnon

1030 817 1147 862 prioris
1168 822 1198 849 et
1216 816 1357 858 magistri
1388 815 1580 848 novitiorum
1599 820 1775 847 conventus

1031 871 1261 909 Annunciatae,
1283 880 1420 913 quorum
1441 869 1569 901 insimul
1584 868 1773 901 convenien-

1032 925 1110 958 tium
1131 924 1282 966 suffragia
1303 923 1447 956 obtinere
1469 923 1617 962 debeant,
1638 922 1774 954 aliorum

1031 978 1235 1022 superiorum
1257 987 1415 1010 consensu
1445 976 1577 1008 minime
1606 975 1772 1018 requisito,

1033 1033 1159 1065 Fratres
1178 1041 1255 1064 vero
1273 1031 1311 1064 de
1331 1030 1451 1063 familia
1472 1031 1533 1062 iam
1553 1029 1699 1073 professi,
1720 1029 1776 1072 qui

1033 1085 1128 1117 vitam
1150 1090 1179 1117 et
1207 1083 1441 1117 observantiam
1463 1084 1596 1115 fratrum
1625 1082 1775 1115 eremita-

1032 1149 1103 1171 rum
1125 1138 1268 1181 profiteri
1283 1137 1452 1175 voluerint,
1465 1147 1528 1169 non
1550 1135 1772 1176 admittantur,

1033 1191 1092 1223 nisi
1114 1191 1326 1234 praecedente
1350 1190 1443 1222 etiam
1469 1199 1626 1222 consensu
1645 1188 1776 1232 capituli

1033 1250 1207 1278 conventus
1228 1243 1458 1277 Annuneiatae.
1483 1242 1582 1275 lteiiei
1603 1247 1709 1274 autem
1728 1242 1776 1275 vel

1033 1298 1158 1332 admitti
1172 1299 1211 1331 ad
1225 1297 1456 1342 professionem
1477 1297 1616 1329 debeant
1637 1301 1700 1328 tam
1717 1296 1777 1328 fra-

1033 1358 1097 1385 tres
1125 1352 1164 1385 de
1200 1351 1320 1384 familia
1345 1350 1516 1394 praedicti,
1556 1360 1652 1393 quam
1677 1349 1730 1382 alii
1761 1360 1779 1381 a

1033 1405 1161 1439 saeculo
1181 1405 1344 1438 venientes
1362 1402 1490 1443 novitii,
1515 1404 1553 1435 de
1574 1408 1646 1436 roto
1672 1408 1702 1435 et
1722 1413 1779 1435 au-

1033 1459 1181 1492 ctoritate
1194 1458 1419 1491 tantummodo
1431 1458 1567 1490 fratrum
1586 1456 1686 1500 ipsius
1706 1456 1780 1489 Ere-

1034 1513 1076 1545 mi
1092 1524 1099 1553 3
1123 1518 1153 1546 et
1173 1518 1245 1555 post
1264 1511 1411 1545 emissam
1427 1510 1660 1554 professionem
1682 1520 1780 1543 unus-

1034 1566 1170 1610 quisque
1190 1571 1359 1599 contentus
1379 1565 1419 1598 sit
1438 1565 1508 1597 loeo
1526 1563 1586 1597 sibi
1602 1563 1710 1597 debito
1730 1574 1781 1595 ra-

1035 1621 1119 1654 tione
1134 1619 1287 1663 temporis
1305 1619 1438 1652 emissae
1458 1617 1675 1662 professionis,
1691 1617 1780 1649 nullo

1035 1675 1143 1707 habito
1157 1678 1304 1717 respectu
1316 1673 1474 1715 graduum
1494 1670 1679 1713 magisterii,
1704 1670 1779 1703 bae—

1035 1729 1247 1767 ealaureatus‚
1270 1728 1317 1760 vel
1338 1727 1469 1760 alterius
1490 1725 1653 1768 dignitatis
1675 1724 1781 1757 euius-

1035 1792 1184 1825 cumque.

1081 1837 1096 1877 ἓ
1118 1835 1170 1868 ΕΙ.
1199 1834 1290 1874 Quod
1310 1844 1375 1867 non
1396 1833 1491 1866 liceat
1514 1831 1664 1865 fratribus
1684 1831 1801 1864 liuiusv

1035 1889 1152 1930 Eremi,
1168 1888 1264 1922 etiam
1284 1887 1343 1921 iter
1363 1887 1544 1929 agentibus,
1560 1885 1643 1918 vesci
1669 1884 1777 1918 carni·
1812 1920 1823 1934 u

1035 1943 1105 1983 bus,
1127 1942 1186 1975 nisi
1202 1953 1238 1975 ex
1260 1952 1354 1974 eausa
1375 1939 1581 1980 infirmitatis,
1599 1945 1629 1972 et
1648 1945 1722 1971 tune
1743 1938 1781 1971 de

1036 1996 1171 2031 consilio
1193 1995 1307 2029 medici
1330 1994 1463 2039 physici,
1477 1994 1560 2026 etde
1582 1992 1709 2025 licentia
1730 2003 1782 2025 su-

1036 2049 1171 2095 perioris
1188 2049 1306 2082 Eremi.

1081 2105 1096 2145 Q
1122 2102 1174 2135 ⁶22.
1199 2102 1383 2141 Quinimmo
1404 2101 1436 2134 in
1458 2101 1524 2144 ipsa
1553 2100 1691 2139 Bromio,

1036 2212 1106 2252 dus,
1129 2216 1229 2244 status
1243 2208 1475 2243 etconditionis
1488 2207 1560 2248 sint,
1578 2206 1783 2250 permittatur

1036 2275 1147 2297 carnes
1158 2263 1341 2302 comedere,
1357 2261 1413 2294 sed
1426 2260 1506 2293 cibis
1520 2259 1595 2304 ipsis
1609 2259 1779 2299 concessis,

1037 2323 1068 2351 et
1086 2327 1151 2350 non
1176 2316 1245 2349 aliis
1266 2315 1483 2355 utidebeant.

1082 2372 1098 2412 ξ
1120 2368 1172 2402 23.
1196 2369 1234 2402 Et
1254 2368 1453 2412 quicumque
1476 2366 1519 2398 illi
1541 2365 1620 2405 sint,
1645 2365 1784 2408 exeeptis
1832 2367 1931 2393 ”vuit-*5
1946 2371 1983 2391 1¹⁰¹·

1799 2396 1852 2416 duos
1871 2395 1917 2414 dies
1939 2395 1983 2421 tan-

1808 2422 1906 2442 intimo-lo
1931 2425 1983 2440 rcci-

1767 2466 1774 2472 .
1799 2450 1890 2476 pian'nr.

1038 2423 1269 2467 superiorilms,
1294 2427 1324 2454 et
1342 2421 1458 2464 quibus
1479 2431 1496 2453 a
1517 2419 1625 2463 priore
1647 2425 1804 2452 convert-¹

1039 2483 1087 2509 tus
1107 2477 1147 2509 ad
1166 2475 1397 2520 poenitentiam
1420 2474 1600 2507 iniunctum
1623 2478 1718 2513 esset,
1750 2477 1785 2505 ut

1038 2530 1185 2563 eamdem
1217 2529 1312 2562 vitam
1344 2539 1416 2561 cum
1452 2527 1528 2571 ipsis
1553 2525 1694 2559 eremitis
1728 2536 1784 2569 per

1038 2584 1145 2627 plures
1177 2582 1245 2615 dies
1276 2583 1451 2622 ducerent,
1484 2580 1640 2624 perditos
1659 2585 1782 2612 tantum

1078 2647 1085 2671 t
1111 2645 1236 2681 Legimus
1252 2652 1306 2679 quo
1327 2653 1405 2671 casu.
1426 2646 1463 2678 (tt.
1478 2643 1526 2678 tn).

1789 234 1837 257 An.
1855 231 1884 256 tl.
1903 230 1964 256 thtt

1832 556 1972 580 Recipiundu-

1788 589 1832 604 rum
1846 590 1881 603 not
1889 585 1972 602 ittormn

1789 611 1854 631 formu
1865 610 1933 630 datur.

1816 1833 1870 1854 Usus
1885 1834 1981 1853 carnium

1805 1860 1883 1880 niti-inis
1898 1860 1979 1880 dumta-

1862 1886 1982 1907 conceden-

1724 2109 1783 2132 nOC
1806 2127 1813 2133 ,
1828 2100 1880 2121 Aliis
1895 2105 1944 2120 vero
1961 2100 1981 2120 in

1798 2127 1873 2147 tammo
1885 2127 1915 2146 eis
1926 2126 1982 2147 vesci

1037 2158 1132 2191 etiam
1156 2155 1321 2200 quibusvis
1342 2155 1427 2195 aliis,
1451 2154 1682 2197 cuiuscumque
1703 2163 1779 2195 gra·
1799 2155 1893 2175 *mnum—
