2253 3195
21 254 70 282 Αη.
89 254 118 282 C.
137 252 204 281 ¹596

36 1740 137 1761 uenricus
147 1741 199 1761 resi-

16 1767 99 1791 iiscens
107 1767 198 1788 absolvi-

25 1794 198 1820 urai-egniprau-

18 1840 19 1850 ,
28 1820 102 1843 atibus,
111 1820 149 1841 sed
160 1820 198 1841 mi-

17 1852 54 1881 l¹.²¹⁵
68 1849 132 1870 recte.
146 1847 198 1877 quia

27 1879 60 1894 ine
69 1876 197 1894 auctornaie

17 1895 78 1920 {odis
93 1900 197 1926 Apostoli·

837 253 984 277 cremeas

221 307 431 344 caeteraeque
452 301 644 334 christianae
666 301 863 344 reipublicae
885 301 965 332 mul-

221 354 344 398 tiplices
365 354 572 391 calamitates,
592 364 674 396 quac
701 363 801 393 regno
822 353 866 384 illi
888 353 965 385 elim

220 407 447 440 florentissimo
467 407 649 439 mirandum
670 406 701 438 in
724 406 855 437 niodum
878 405 962 437 attii-

219 466 280 500 cto,
305 466 333 493 et
352 466 485 503 propter
504 459 675 492 intestinas
707 458 882 492 discordias
912 458 962 490 ‹li-

219 514 308 546 vulso
326 519 355 546 et
377 513 555 552 debilitato,
572 513 673 544 multo
687 511 849 553 graviores
861 516 961 547 erant,

218 573 250 599 et
270 566 302 598 in
323 567 446 599 maiora
466 565 609 608 pericula
629 564 866 603 redundabant,
891 574 963 596 cum

220 625 282 652 tam
304 629 421 661 magna
441 624 472 651 et
491 617 623 659 insignis
642 617 747 660 portio
773 616 869 649 veluti
891 627 964 649 cor-

218 673 306 716 poris
325 672 437 715 populi
457 677 488 704 et.
507 670 726 703 universitatis
752 669 960 709 christianae,

217 726 287 758 sine
301 725 388 767 gravi
403 730 604 757 caeterarum
618 723 759 767 partium
772 722 876 761 ruina,
889 732 965 755 con-

217 779 323 812 cidere
344 788 410 811 non
429 782 553 821 posset,
578 777 665 820 quod
687 787 760 809 cum
781 776 870 808 omni
884 781 964 808 tem-

217 842 297 876 pore
317 832 406 864 triste
427 837 457 864 et
477 831 714 870 calamitosum,
738 836 805 862 tum
826 829 887 862 hoc
907 839 964 872 po-

218 885 377 918 tissimum
397 883 671 917 luctuosissimum
695 883 798 920 soret,
823 893 887 925 quo
908 882 964 915 Ec-

217 938 312 971 clesia
328 938 383 971 Dei
403 938 443 970 ab
464 930 682 970 haereticiset
698 935 818 973 Turcis,
842 945 960 978 perpe-

217 992 278 1025 tuis
292 997 323 1024 et
335 991 556 1024 infensissimis
576 989 701 1023 nomini
719 989 893 1022 christiano
907 988 964 1020 ho-

217 1045 328 1086 stibus,
358 1043 638 1077 vehementissime
661 1047 877 1086 oppugnatur.
902 1042 963 1074 Ita-

217 1109 279 1142 que
297 1098 405 1130 multis
418 1107 491 1130 cum
505 1096 654 1140 lacrymis
674 1105 738 1128 non
760 1095 964 1128 cessabamus

217 1152 284 1185 dies
301 1157 476 1194 noctesque
497 1150 586 1183 adire
603 1149 643 1182 ad
666 1149 818 1181 thronum
837 1148 962 1180 divinae

216 1205 423 1245 clementiae,
452 1204 604 1247 idemque
625 1213 642 1235 a
662 1202 723 1246 piis
744 1201 911 1235 catholicis
932 1206 961 1234 et

215 1258 313 1291 servis
333 1258 403 1297 Dei,
426 1257 557 1290 hortatu
576 1261 706 1295 nostro,
730 1254 801 1288 fieri
822 1255 959 1288 curaba-

216 1322 298 1352 mus,
321 1316 357 1344 ut
376 1311 553 1343 multorum
572 1308 724 1353 precibus
743 1309 909 1352 placatus,
933 1308 961 1341 Is

216 1364 270 1408 qui
292 1364 377 1397 dives
397 1369 445 1397 est
468 1363 502 1396 in
528 1361 767 1401 misericordia,
790 1372 905 1404 pacem
931 1367 961 1394 et

215 1417 481 1461 tranquillitatem
510 1416 662 1449 redderet
690 1424 790 1457 regno
823 1414 956 1457 amplis-

215 1471 309 1511 simo,
333 1470 427 1513 eique
454 1479 564 1511 regem
584 1467 759 1512 praefieret
775 1477 848 1499 vere
869 1466 956 1499 chri-

215 1523 467 1563 stianissimum,
491 1532 565 1555 vere
591 1520 752 1554 Ecclesiae
778 1520 959 1554 Catholicae

215 1578 380 1611 Romanae
402 1575 517 1615 filium,
541 1585 638 1618 quem
665 1584 777 1607 omnes
806 1584 959 1615 agnosce-

216 1636 287 1664 rent
307 1636 338 1664 et
356 1634 578 1673 sequerentur.

260 1683 325 1727 §2
349 1681 510 1716 Audiebat
537 1681 661 1714 interea
691 1690 803 1724 preces
834 1686 959 1713 nostras

215 1737 373 1779 benignus
396 1736 499 1776 Deus,
523 1745 722 1778 quamquam
751 1734 782 1767 id
813 1735 957 1767 nondum

214 1790 410 1824 extrinsecus
427 1794 597 1832 appareret
609 1799 616 1827 ·,
631 1788 686 1820 Ille
699 1787 785 1820 enim
799 1797 855 1820 cor
868 1793 958 1820 tuum

213 1844 368 1889 paulatim
390 1843 557 1876 molliebat
573 1847 603 1875 et
624 1841 826 1885 disponebat,
846 1847 881 1874 ut
900 1852 955 1874 ve—

214 1898 272 1931 teri
292 1897 410 1931 duritie
430 1897 576 1935 infracta,
604 1895 706 1938 gratia
724 1894 780 1928 Dei
809 1895 841 1927 in
862 1895 959 1928 corde

215 1958 269 1985 tuo
290 1961 348 1995 per
366 1950 520 1994 Spiritum
538 1950 689 1983 Sanctum
708 1948 954 1981 diffunderetur.

212 2005 296 2047 Ergo
321 2004 391 2047 ipso
410 2009 439 2036 te
464 2002 636 2041 excitante,
661 2001 792 2045 coepisti
817 2001 954 2034 catholi-

213 2069 284 2092 cam
311 2057 477 2091 veritatem
492 2083 499 2097 ,
524 2066 622 2100 quam
644 2061 738 2088 antea
759 2055 953 2098 respuebas,

213 2117 375 2156 appetere,
392 2115 424 2143 et
443 2109 576 2143 idoneos
597 2108 766 2150 magistros
787 2119 953 2151 quaerere,

214 2170 245 2198 et
264 2165 305 2198 ad
327 2170 355 2197 te
375 2162 601 2202 intromittere,
626 2161 681 2205 qui
700 2166 730 2194 te
751 2161 838 2194 illam
860 2162 956 2195 doce-

213 2223 294 2251 rent.
318 2218 462 2260 Cumque
488 2215 551 2248 iam
579 2225 643 2248 non
673 2213 879 2247 mediocriter
908 2214 957 2247 in-

213 2276 351 2304 structus
368 2268 533 2309 videreris,
555 2274 586 2302 et
602 2268 751 2300 haereses
768 2268 954 2308 detestares,

213 2324 377 2367 fidemque
394 2321 586 2355 catholicam
608 2327 636 2354 te
657 2319 807 2363 amplecti
828 2321 959 2363 profite-

213 2376 305 2417 reris,
325 2386 343 2408 a
360 2374 524 2408 nonnullis
544 2373 689 2406 eiusdem
709 2372 799 2415 regni
820 2383 954 2416 praesu-

213 2429 308 2469 libus,
332 2439 405 2462 cum
430 2428 490 2461 hac
514 2426 724 2465 iniunctione,
747 2431 783 2459 ut
803 2426 843 2459 ad
868 2427 954 2470 Apo-

214 2483 360 2516 stolicam
381 2481 497 2515 Sedem
518 2480 672 2519 mitteres,
697 2484 727 2512 et
745 2479 843 2522 ipsius
862 2489 954 2512 man-

214 2537 288 2569 data
308 2534 473 2568 humiliter
493 2533 682 2576 susciperes,
694 2532 859 2565 absolutus
872 2543 915 2572 es,
928 2538 958 2566 et
974 2530 976 2548 ³

214 2589 254 2622 ab
274 2589 318 2622 eis
339 2588 371 2621 in
397 2586 556 2620 Ecclesiae
577 2585 839 2619 communionem
868 2596 956 2619 rece-

213 2647 296 2687 ptus.
320 2641 412 2681 Quod
431 2638 557 2674 tametsi
574 2638 786 2679 festinantius,
803 2644 834 2671 et
852 2638 957 2673 minus

261 2704 339 2734 Ruti.
355 2703 440 2732 Rom.
461 2702 523 2732 Vol.
539 2701 566 2729 X
756 2700 791 2728 39

1005 251 1062 276 v111
1084 252 1133 276 Pr.

1000 358 1065 384 stra
1086 358 1114 385 ct
1137 352 1231 384 huius
1252 352 1281 385 S.
1306 352 1396 384 Sedis
1423 351 1612 384 auctoritate
1640 350 1746 383 omnis

1001 405 1187 437 huiusmodi
1223 405 1382 437 absolutio
1416 410 1446 436 ct
1481 404 1622 446 receptio
1656 403 1747 436 irrita

1000 464 1095 501 atque
1124 458 1225 490 inanis
1246 459 1365 500 esset),
1393 458 1613 499 gaudebamus
1641 462 1747 489 tamen

1000 511 1031 543 in
1053 511 1201 550 Domino,
1231 511 1317 553 quod
1339 515 1506 553 exoptatae
1528 509 1747 542 conversionis

1001 569 1085 602 luae,
1112 569 1275 606 tamquam
1298 573 1416 595 aurora
1437 564 1606 606 quaedam,
1628 562 1745 595 exoriri

1000 616 1178 656 videbatur,
1202 616 1477 659 sperabamusque
1503 617 1571 649 sore
1587 644 1594 656 ,
1614 616 1746 649 ‘caelesti

999 669 1100 711 gratia
1119 670 1258 708 iuvante,
1274 675 1308 702 ut
1321 675 1479 702 cresceret
1500 680 1600 713 usque
1621 670 1660 702 ad
1674 680 1746 713 per-

998 723 1115 756 fectum
1138 723 1236 755 diem.

1044 777 1059 817 g
1081 774 1111 808 3.
1136 775 1234 817 Egisti
1255 775 1351 817 igitur
1371 774 1539 807 nobiscum
1554 785 1611 817 per
1624 775 1745 808 litteras

998 834 1029 861 et
1057 829 1213 867 nuncios,
1238 835 1273 861 ut
1305 834 1334 861 te
1358 828 1398 860 ad
1424 827 1688 860 communionem
1715 834 1745 861 et

998 882 1134 924 gratiam
1162 882 1403 926 reciperemus,
1425 881 1558 923 eiusque
1580 880 1624 913 rei
1651 891 1746 913 causa

998 935 1111 968 misisti
1132 936 1172 968 ad
1192 945 1251 968 nos
1280 935 1432 968 dilectum
1464 934 1566 966 filium
1599 939 1744 966 nestrum

998 989 1126 1021 Petrum
1149 988 1347 1021 cardinalem
1364 987 1537 1025 Gondium,
1562 987 1678 1019 deinde
1699 987 1746 1019 di-

999 1042 1116 1074 lectum
1132 1042 1235 1074 filium
1253 1041 1474 1074 marchionem
1489 1040 1664 1080 Pisanium,
1678 1046 1745 1072 tuin

998 1096 1129 1128 demum
1150 1096 1347 1129 Ludovicum
1369 1096 1483 1128 ducem
1501 1095 1742 1134 Nivernensem,

997 1148 1178 1192 principem
1199 1159 1263 1181 non
1285 1149 1389 1181 solum
1410 1147 1537 1190 generis
1557 1147 1742 1191 splendore,

998 1202 1053 1235 sed
1074 1202 1163 1235 omni
1187 1202 1305 1235 virtute
1326 1207 1356 1234 et
1382 1201 1499 1245 pietate
1528 1206 1744 1244 praestantem

997 1255 1116 1296 virum,
1152 1261 1183 1288 et
1218 1255 1311 1288 nobis
1346 1254 1454 1287 multis
1490 1254 1677 1287 nominibus
1712 1254 1744 1286 in

996 1309 1109 1352 primis
1130 1320 1252 1343 carum.

1041 1362 1055 1404 ἓ
1079 1361 1110 1394 4.
1140 1362 1177 1395 Et
1204 1362 1280 1395 licet
1311 1371 1439 1395 summo
1470 1360 1570 1394 animi
1601 1360 1739 1400 ardore,

994 1420 1086 1447 tuum
1111 1416 1151 1448 ad
1171 1414 1345 1449 Ecclesiam
1375 1413 1569 1448 Catholicam
1601 1413 1740 1446 reditum

994 1473 1195 1512 optaremus,
1218 1468 1364 1511 nihilque
1385 1467 1526 1511 optatius
1546 1466 1638 1499 nobis
1659 1472 1742 1500 esset

994 1532 1091 1565 quam
1112 1528 1142 1555 te
1163 1533 1181 1554 a
1200 1521 1346 1560 vinculis,
1367 1520 1485 1564 quibus
1505 1525 1638 1563 propter
1657 1519 1737 1552 hae-

994 1575 1091 1608 resim
1121 1575 1190 1607 iure
1219 1574 1411 1608 constrictus
1437 1583 1523 1612 eras,
1550 1572 1736 1612 absolvere,

994 1628 1081 1672 quod
1102 1628 1134 1661 id
1155 1629 1194 1661 ad
1215 1627 1342 1661 animae
1362 1633 1435 1659 tuae
1455 1626 1603 1665 salutem,
1627 1626 1667 1658 ad
1688 1636 1740 1658 re-

994 1682 1047 1724 gni
1061 1682 1151 1715 istius
1171 1691 1285 1725 pacem
1306 1685 1336 1713 et
1356 1678 1740 1722 t1·anquillitatem‚totius

994 1735 1188 1768 christianae
1208 1733 1406 1777 reipublicae
1437 1732 1620 1772 utilitatem,
1651 1742 1740 1764 sum-

995 1799 1126 1832 mopere
1147 1787 1310 1831 pertinere
1330 1785 1600 1827 intelligebamus.
1625 1785 1737 1818 Facie-

993 1842 1047 1875 bat
1068 1838 1175 1875 tamen
1195 1840 1242 1874 rei
1262 1839 1469 1882 gravissimae
1489 1837 1690 1880 magnitudo,
1705 1844 1741 1871 ut

993 1895 1072 1928 nihil
1090 1894 1344 1939 properandum,
1359 1893 1415 1926 sed
1426 1892 1522 1926 etiam
1536 1897 1632 1935 atque
1643 1892 1740 1924 etiam

994 1950 1240 1983 deliberandum
1261 1948 1293 1981 in
1317 1958 1352 1980 re
1379 1946 1456 1980 tanti
1488 1946 1643 1979 momenti
1675 1951 1739 1978 sta-

995 2008 1168 2035 tueremus.
1185 2002 1295 2044 Neque
1312 1999 1397 2033 enim
1417 1999 1522 2032 adhuc
1543 2009 1652 2031 coram
1673 1999 1739 2031 Deo

993 2059 1024 2087 et
1043 2053 1184 2087 Ecclesia
1203 2052 1271 2085 eius
1291 2050 1367 2084 satis
1387 2060 1501 2083 causac
1518 2049 1623 2082 afferri
1645 2059 1739 2092 posse

993 2107 1170 2146 videbatur,
1192 2111 1226 2138 ut
1247 2104 1272 2138 is
1293 2110 1357 2137 tam
1389 2103 1451 2136 cito
1476 2102 1560 2134 inter
1581 2102 1684 2134 bonos
1709 2107 1739 2134 et

992 2160 1179 2194 obedientes
1198 2159 1282 2191 filios
1303 2156 1511 2200 reciperetur,
1539 2154 1593 2198 qui
1617 2154 1738 2187 tamdiu

992 2219 1088 2257 atque
1105 2214 1186 2246 adeo
1206 2212 1302 2256 paulo
1323 2216 1397 2243 ante
1417 2208 1606 2242 inobediens
1620 2214 1738 2240 etcon-

994 2273 1102 2300 tumax
1139 2267 1251 2298 suerat.
1272 2264 1397 2307 ,Itaque
1423 2262 1547 2306 priores
1578 2260 1733 2300 nuncios,

993 2329 1191 2363 quamquam
1211 2317 1305 2350 nobis
1322 2321 1483 2359 acceptos,
1498 2325 1538 2347 ne
1558 2313 1737 2346 audiendos

993 2372 1124 2416 quidem
1142 2369 1401 2404 existimavimus.
1422 2367 1563 2401 Nivernii
1581 2377 1656 2399 vcro
1678 2367 1737 2399 du-

993 2435 1063 2459 cem
1077 2433 1274 2468 quamquam
1292 2421 1430 2464 benigne
1449 2426 1478 2453 et
1498 2420 1626 2463 saepius
1646 2419 1738 2452 audi-

992 2478 1106 2517 vimus,
1120 2476 1164 2509 ita
1180 2481 1288 2509 tamen
1306 2474 1497 2513 dimisimus,
1514 2478 1549 2505 ut
1568 2482 1606 2505 eo
1627 2482 1737 2505 rerum

992 2537 1075 2565 statu
1103 2536 1132 2564 te
1159 2530 1248 2563 nullo
1277 2528 1374 2561 modo
1406 2526 1637 2560 absolvendum
1669 2535 1738 2558 esse

992 2584 1201 2618 definiremus
1213 2594 1221 2624 3
1244 2592 1349 2625 neque
1367 2580 1399 2614 id
1419 2580 1628 2622 negabamus,
1649 2579 1737 2622 quod

992 2648 1050 2673 nos
1070 2637 1130 2682 ipsi
1147 2641 1275 2681 praeter
1299 2639 1444 2669 caeteros
1464 2622 1711 2676 expectabamus
1725 2658 1733 2674 ,

1652 239 1716 272 305
1763 249 1810 275 An.
1829 250 1858 275 c.
1878 249 1946 276 1596

983 301 985 311 '
1003 300 1061 332 rite
1082 311 1117 333 ac
1138 306 1223 332 recte
1244 300 1363 331 factum
1386 304 1451 331 erat
1478 298 1579 341 (quod
1597 297 1665 330 sine
1685 308 1744 330 no-

1787 784 1850 805 Millit
1868 785 1945 806 deinde

1760 811 1785 831 ad
1796 811 1896 832 tellement.
1906 812 1945 832 PP.

1760 838 1848 863 legates.
1857 839 1946 864 qui—eius

1759 865 1843 884 numine
1858 864 1943 885 absolu-

1760 891 1839 911 tionem
1849 893 1944 916 peterent

1791 1367 1849 1389 Quae
1873 1367 1944 1386 tamen

1758 1392 1824 1412 dilala
1834 1394 1899 1413 est.ut
1909 1392 1942 1412 ille

1756 1420 1828 1444 aptior
1849 1419 1876 1439 ad
1896 1424 1943 1439 earu

1757 1446 1944 1466 chlinendamred·

1756 1472 1848 1493 deretur.
