2253 3195
29 208 30 229 i
59 212 109 239 Au.
127 211 155 238 C.
181 210 246 238 1505

101 1856 233 1879 obstantium

51 1881 167 1909 derogatio.

876 210 1022 233 CLEMENs
1044 211 1100 233 vm
1122 210 1171 233 ΓΡ.

257 259 331 299 gula
343 258 671 301 beneficiapraedicta
683 258 706 290 si
723 264 844 296 vacant,
861 264 911 290 aut
928 269 998 290 cnm

257 312 448 351 vacaverint,
473 317 504 344 ut
529 313 718 354 praescr-nir,
736 311 870 351 singulis
891 321 1000 354 perso-

256 366 304 398 nis
325 366 532 398 nominandis
563 366 736 408 praedictis
769 376 841 397 1-11111
877 365 1000 396 iuribus

256 430 291 452 ac
312 419 516 462 pertinentits
538 418 720 461 praedietis,
745 430 780 450 ar
799 417 1000 461 plenitudine

257 472 334 504 iuris
355 471 500 504 canonici
515 471 714 508 conserendi,
732 471 813 503 etde
828 470 890 502 illis
904 470 998 502 etiam

257 525 458 568 providendi,
482 535 612 568 cosque,
636 535 690 557 sen
714 535 825 556 cortun
848 534 1001 566 procura-

257 585 341 612 tores
363 579 505 621 ipsorum
535 577 722 610 nominibus
744 577 773 609 in
796 577 999 619 corporalem

255 631 489 675 possessionem
524 630 781 666 beneficiorum,
821 629 940 661 iurium
970 634 1000 661 ct

255 685 521 729 pertinentiariun
543 684 782 728 praedictorum
810 683 995 719 11111110011111,

255 743 286 770 01
307 738 454 771 inductos
484 737 699 774 defendendi,
731 747 767 769 ac
792 737 920 769 easdem
942 746 999 767 no—

254 790 422 824 minandas
439 801 606 834 personas,
630 791 678 823 vel
700 801 759 833 pro
781 790 825 823 eis
844 800 999 833 procura-

254 850 338 877 tores
358 845 541 888 praedictos
563 844 791 888 approbandos
812 842 997 875 huiusmodi

254 898 284 930 in
306 898 440 940 singulis
461 898 602 931 ecclesiis
620 897 793 941 praedictis
814 897 845 929 in
867 896 998 929 canoni-

253 962 326 984 cum
353 958 384 985 et
398 952 528 984 fratrem
541 951 657 995 recipi,
673 951 765 984 stallo
779 950 838 983 sibi
853 950 883 982 in
896 950 997 982 choro

254 1010 283 1037 et
305 1006 377 1038 loco
399 1005 429 1037 in
451 1005 596 1048 Capitulo
622 1004 823 1046 singulariuu
845 1003 996 1036 ecclesia-

253 1069 325 1091 rum
343 1058 582 1102 praedictarum
604 1069 677 1091 cum
704 1057 779 1090 dicti
798 1057 875 1090 iuris
897 1056 999 1100 pleni—

253 1111 363 1145 tudine
384 1112 563 1154 assignatis,
588 1122 714 1144 necnon
736 1110 921 1152 adsingula
935 1110 997 1142 alia

252 1165 408 1199 beneficia
435 1165 631 1203 huiusmodi,
663 1171 697 1198 ut
728 1164 827 1197 moris
852 1170 909 1201 est,
934 1164 993 1196 ad-

252 1218 412 1256 mittendi,
436 1218 561 1262 sibique
583 1219 621 1251 de
642 1218 783 1257 illorum,
807 1222 838 1250 ct
858 1216 992 1249 canoni-

251 1278 392 1313 catuum,
414 1277 444 1305 et
464 1273 724 1316 praebendarum
755 1271 994 1315 praedictarum

250 1325 415 1364 fructibus,
439 1325 630 1365 redditibus,
654 1324 883 1368 proventibus,
920 1323 996 1355 iuri-

250 1379 309 1411 bus
337 1384 367 1411 et
400 1379 649 1411 obventionibus
680 1377 838 1410 universis
871 1376 995 1419 integre

250 1432 440 1475 responderi
467 1432 625 1470 faciendi,
666 1442 703 1464 ac
741 1430 994 1464 contradictores

250 1485 421 1529 quoslibet,
446 1486 529 1518 dieta
550 1485 739 1518 auctoritate
756 1490 865 1517 nostra
885 1484 995 1527 appel-

250 1539 370 1572 latione
394 1539 587 1583 postposita,
617 1538 855 1582 compescendi,
884 1543 990 1570 caete—

250 1602 349 1635 raque
370 1592 403 1624 in
423 1592 607 1636 praemissis
628 1598 656 1625 01
678 1592 764 1625 circa
784 1602 821 1625 ea
841 1601 990 1624 necessa-

249 1645 297 1678 ria
318 1651 348 1678 et
374 1651 557 1689 opportuna
583 1645 720 1678 faciendi
742 1651 773 1677 et
800 1644 989 1688 exequendi,

248 1700 377 1743 plenam
403 1705 433 1733 et
462 1700 614 1738 liberam,
650 1699 840 1732 auctoritate
867 1698 993 1742 praedi-

249 1759 309 1794 cta,
336 1753 506 1787 tribuimus
527 1754 722 1787 facultatem.

294 1808 310 1849 g
337 1806 366 1840 ⁶2.
394 1807 463 1840 Non
476 1807 678 1840 obstantibus
710 1806 992 1839 constitutionibus

250 1865 280 1893 et
299 1859 558 1893 ordinationibus
569 1859 769 1903 apostolicis,
791 1870 828 1892 ae
849 1859 991 1902 ipsarum

250 1913 459 1948 ecclesiarum
501 1913 703 1952 iuramento,
746 1912 992 1946 confirmatione

249 1967 443 2011 apostolica,
469 1967 516 1999 vel
538 1966 650 2010 quavis
676 1967 827 1999 firmitate
857 1966 919 1999 alia
938 1977 992 2000 ro-

250 2021 380 2061 boratis,
404 2020 529 2054 statutis
550 2026 581 2053 et
601 2020 889 2053 consuetudinilms
910 2031 989 2053 con-

251 2073 356 2106 trariis
374 2073 643 2117 quibuscumquc.
665 2073 762 2106 Autsi
783 2073 895 2117 aliqui,
916 2084 989 2117 apo-

252 2127 365 2160 stolica
396 2126 561 2170 praedicta
586 2127 635 2160 vel
657 2127 718 2159 alia
744 2127 855 2170 quavis
876 2133 989 2161 aucto-

248 2180 352 2219 ritate,
377 2180 408 2212 in
430 2179 522 2212 dictis
543 2179 684 2212 ecclesiis
702 2179 734 2212 in
746 2180 919 2213 canonicos
930 2180 993 2214 sint.

248 2232 379 2276 recepti,
403 2233 450 2266 vel
472 2238 507 2265 ut
526 2232 726 2276 recipiantur
757 2232 915 2273 insistant,
936 2244 992 2266 5011

247 2285 272 2318 51
293 2296 390 2329 super
419 2285 660 2329 provisionibus
689 2285 748 2317 sibi
779 2285 932 2318 faciendis
953 2286 991 2318 de

247 2339 489 2371 canonicatibus
521 2344 552 2372 et
572 2338 780 2382 praebendis,
805 2344 860 2371 aut
880 2339 988 2381 digni-

248 2391 365 2424 tatibus
390 2398 421 2425 et
450 2392 564 2425 officiis
594 2392 752 2424 dictarum
783 2391 990 2425 ecclesiarum

246 2444 423 2488 speciales,
446 2445 494 2477 vel
514 2445 584 2478 aliis
609 2444 776 2477 beneficiis
801 2445 992 2478 ecelesiasti—

247 2497 291 2530 cis
311 2497 343 2529 in
369 2497 430 2530 illis
453 2497 597 2542 partibus
628 2498 794 2540 generales
815 2498 917 2531 dictae
938 2499 991 2532 Se-

247 2549 305 2590 dis,
330 2550 378 2583 vel
398 2551 579 2593 legatorum
605 2551 672 2584 eius
693 2551 816 2584 litteras
838 2551 991 2595 impetra-

246 2603 320 2644 rint,
354 2603 478 2638 etiamsi
511 2615 568 2648 per
592 2616 645 2637 eas
678 2604 718 2637 ad
748 2604 986 2644 inhibitionem,

332 2665 512 2695 Baltflom.
538 2668 596 2695 Vol.
618 2668 644 2694 X
870 2668 902 2695 19

1037 258 1286 291 reservationem
1300 258 1519 295 01110010111111,
1541 258 1589 289 vel
1610 257 1688 290 alias
1702 267 1782 300 quo—

1038 311 1212 344 modolibet
1236 312 1271 343 sit
1296 322 1494 354 processum.
1520 310 1641 349 Quibus
1669 311 1778 343 omni-

1037 365 1105 402 bus,
1127 365 1309 408 praedictas
1334 376 1488 408 personas
1508 364 1537 396 in
1552 364 1781 407 asscquutione

1035 419 1282 451 ranonicatmnn
1304 425 1332 451 ct
1360 419 1641 461 pracbemtarum‚
1677 418 1782 459 (ligni-

1038 476 1160 509 tatum,
1193 471 1509 504 administrationum
1539 471 1721 504 officiorum
1751 476 1782 503 01

1036 524 1269 556 beneficiorum
1292 525 1430 557 alioruin
1452 524 1690 568 ltu-aeiusticium
1720 535 1777 565 ge-

1035 577 1154 613 nerari:
1184 583 1235 609 aut
1255 578 1279 609 si
1297 578 1565 620 archiepiscopo,
1598 583 1626 610 01
1649 577 1777 621 episco-

1034 630 1094 673 pis,
1122 641 1158 662 ac
1179 631 1329 673 Capitulis
1351 631 1534 674 praedictis,
1556 632 1603 663 vel
1616 631 1782 674 quibusvis

1034 683 1104 715 aliis
1132 684 1351 716 communiter
1380 685 1427 716 vel
1461 684 1584 717 divisim
1607 685 1646 717 ab
1668 685 1780 717 eadem

1034 736 1069 768 sit
1090 738 1171 769 Sede
1197 736 1357 769 indultum
1381 737 1467 779 quod
1491 737 1531 769 ad
1561 737 1779 780 receptionem

1033 791 1081 822 vel
1106 790 1325 833 provisionem
1341 790 1475 822 alicuius
1490 790 1624 822 minime
1646 796 1779 823 tenean-

1034 849 1101 881 tur,
1126 844 1215 876 etad
1245 844 1276 876 id
1302 843 1464 886 compelli,
1488 850 1541 876 aut
1567 844 1654 887 quod
1684 844 1781 876 inter-

1034 897 1108 935 dici,
1132 897 1307 939 suspendi,
1340 897 1387 929 vel
1417 896 1693 929 cxconnnunieari
1715 907 1779 929 non

1033 950 1165 993 possint.
1190 950 1325 993 Quoque
1339 950 1377 984 de
1392 950 1635 982 canonicatibus
1647 955 1678 982 et
1689 960 1781 993 prae-

1032 1003 1146 1036 bendis
1178 1009 1232 1036 aut
1264 1003 1496 1045 dignitatibus,
1530 1003 1776 1046 personatibus,

1032 1056 1378 1096 administrationibus,
1391 1056 1438 1089 vel
1452 1056 1565 1088 officiis
1579 1056 1776 1095 lminsmodi,

1032 1110 1079 1142 vel
1098 1109 1168 1142 aliis
1188 1109 1354 1142 beneficiis
1375 1109 1599 1142 ecclesiasticis
1613 1110 1652 1142 ad
1666 1120 1778 1142 eorum

1032 1163 1251 1203 collationem,
1275 1162 1505 1205 provisionem,
1541 1162 1778 1206 praesentatio-

1032 1227 1116 1257 nem,
1142 1217 1345 1254 electionem,
1374 1227 1430 1248 seu
1451 1216 1597 1259 quamvis
1618 1217 1778 1249 0111101111-

1031 1270 1243 1313 spositionem
1282 1270 1481 1302 coniunctim
1516 1270 1564 1302 vel
1604 1270 1778 1313 separatim

1030 1328 1162 1367 spectat,
1196 1323 1275 1356 nulli
1303 1324 1405 1356 valeat
1425 1323 1588 1367 provideri
1607 1334 1664 1367 per
1689 1324 1775 1356 litte-

1030 1388 1081 1409 ras
1106 1377 1298 1420 apostolieas
1326 1387 1391 1409 non
1424 1377 1575 1410 facientes
1592 1378 1720 1421 plenam
1748 1383 1778 1410 et

1030 1441 1232 1474 expressam,
1259 1441 1295 1462 ac
1317 1431 1355 1463 dc
1376 1431 1473 1463 verbo
1503 1431 1541 1463 ad
1563 1431 1713 1471 verbum,
1738 1432 1777 1464 de

1030 1484 1155 1516 indulto
1177 1484 1364 1516 huiusmodi
1385 1484 1595 1523 mentionem,
1621 1489 1651 1517 et
1671 1485 1776 1527 quali-

1030 1537 1083 1570 bet
1109 1537 1171 1569 alia
1197 1537 1300 1570 dictae
1327 1537 1416 1570 Sedis
1446 1537 1647 1579 indulgentia
1678 1548 1775 1580 gene-

1029 1591 1088 1623 rali
1107 1592 1154 1623 vel
1175 1591 1305 1635 speciali
1320 1591 1553 1635 cuiuscumque
1575 1591 1695 1624 tenoris
1713 1592 1776 1624 exi-

1029 1650 1100 1682 stat,
1121 1656 1179 1688 per
1199 1656 1295 1688 quam
1317 1645 1542 1688 praesentibus
1559 1656 1624 1678 non
1646 1656 1775 1688 expres-

1028 1708 1107 1735 sam,
1133 1698 1180 1731 vel
1202 1698 1342 1730 totaliter
1369 1708 1435 1730 non
1457 1698 1621 1737 insertam,
1646 1698 1776 1731 effeetus

1029 1752 1215 1785 huiusmodi
1236 1752 1357 1794 gratiae
1383 1752 1534 1796 impediri
1555 1753 1656 1784 valeat
1689 1764 1773 1795 quo—

1029 1805 1207 1838 modolibet
1224 1806 1273 1838 vel
1294 1805 1427 1845 differri,
1451 1811 1481 1838 et
1500 1806 1539 1838 de
1560 1816 1623 1849 qua
1643 1805 1776 1849 eiusque

1030 1863 1095 1891 toto
1118 1864 1229 1891 tenore
1257 1858 1406 1891 habenda
1427 1858 1468 1891 sit
1493 1858 1524 1890 in
1545 1858 1663 1891 nostris
1685 1859 1772 1891 litte-

1028 1911 1071 1944 ris
1097 1912 1218 1944 mentio
1249 1911 1424 1955 specialis,
1470 1922 1525 1944 seu
1559 1912 1583 1944 si
1617 1923 1775 1955 personae

1028 1966 1211 2009 praedictae
1222 1971 1408 2010 praesentes
1417 1976 1483 1998 non
1497 1966 1615 1998 suerint
1631 1967 1670 1998 ad
1684 1977 1776 2009 prae-

1028 2020 1178 2052 standum
1200 2020 1238 2052 de
1260 2020 1470 2053 observandis
1502 2020 1628 2053 statutis
1649 2026 1675 2052 01
1698 2031 1774 2053 eon—

1028 2073 1252 2106 suetudinibus
1274 2073 1433 2105 dictarum
1456 2073 1665 2106 ecelesiarum
1692 2074 1770 2106 soli—

1028 2133 1094 2161 tum
1117 2127 1348 2167 iuramentum,
1378 2128 1555 2160 dummodo
1577 2128 1608 2160 in
1629 2128 1774 2160 absentia

1027 2192 1094 2219 sua,
1120 2192 1177 2224 per
1197 2186 1442 2224 procuratorem
1463 2181 1628 2221 idoneum,
1657 2187 1773 2214 etcum

1027 2237 1067 2269 ad
1088 2234 1238 2268 ecclesias
1259 2235 1343 2278 ipsas
1368 2235 1571 2275 accesserint,
1596 2235 1774 2278 corporali-

1028 2293 1075 2321 ter
1096 2288 1175 2321 illud
1197 2293 1371 2331 praestent.

1072 2343 1088 2382 ξ
1111 2340 1141 2373 3.
1168 2341 1321 2374 Volumus
1342 2346 1448 2374 autem
1470 2346 1501 2373 ut
1525 2341 1549 2373 si
1571 2340 1702 2384 aliquod
1734 2353 1770 2375 ex

1026 2394 1193 2427 beneficiis
1204 2405 1262 2437 per
1278 2400 1317 2434 te,
1335 2394 1443 2435 vigore
1457 2394 1688 2437 praesentium,
1704 2396 1770 2428 col-

1026 2448 1108 2487 latis,
1138 2448 1271 2485 fructus,
1294 2448 1439 2480 redditus
1460 2453 1677 2491 etproventus
1698 2460 1771 2483 xxrv

1027 2501 1217 2534 ducatorum
1251 2500 1319 2533 auri
1352 2501 1391 2533 de
1423 2501 1554 2533 Can'iera
1592 2503 1769 2535 secundum

1026 2565 1233 2587 communem
1267 2554 1507 2587 extimationem
1535 2555 1677 2588 valorem
1709 2566 1768 2588 an-

1028 2619 1126 2640 nuum
1146 2607 1325 2648 excesserit,
1351 2607 1407 2645 illi,
1428 2607 1545 2651 quibus
1569 2619 1628 2652 per
1649 2614 1677 2642 te
1698 2620 1772 2653 pro-

1684 198 1748 231 145
1796 208 1846 235 An.
1868 208 1895 234 c.
1914 208 1980 235 1591

1827 2346 1850 2366 Si
1870 2343 1973 2365 beneficia.

1787 2379 1831 2393 xxiv
1847 2372 1972 2392 ducatorum

1788 2400 1881 2419 intui-cm
1901 2403 1972 2418 exces-

1786 2426 1864 2447 serint.
1893 2424 1972 2450 provisi

1786 2453 1839 2473 infra
1846 2459 1881 2472 sex
1890 2456 1972 2471 menses

1787 2481 1868 2500 litteras
1887 2480 1971 2503 aposto-

1787 2507 1838 2527 licas
1876 2506 1973 2525 ivn-›ntun-

1786 2532 1892 2559 expedire.
