2253 3195
277 170 325 197 An.
348 171 376 198 C.
395 171 461 199 ¹594
510 162 571 197 102
1059 176 1243 200 acumen
1263 176 1417 200 nomnen
2010 175 2057 202 Au.
2079 175 2107 202 c.
2124 177 2137 204 ί
2156 182 2175 199 »τε

521 222 536 264 g
556 219 608 254 110.
632 221 747 266 Sicque
767 233 824 266 per
852 233 1075 266 quoscumque
1094 223 1218 256 iudices
1251 223 1424 265 dignitatis,
1441 224 1560 267 gradus
1573 230 1604 257 et
1615 224 1738 258 ordinis
1758 225 1887 266 fuerint,
1901 235 2006 269 prae--

351 281 460 311 clausulae
477 275 657 309 ordinarios
676 281 707 309 et
726 276 899 318 delegatos,
928 276 1022 310 etiam
1047 287 1217 310 causarum
1251 276 1343 310 dictis
1362 276 1496 320 aliisque
1513 277 1657 310 censuris
1670 282 1701 311 et
1713 277 1825 322 poenis
1845 278 1994 312 ecclesia-

277 309 460 356 Kinoffiilffissl
476 328 583 371 palatii
615 328 780 372 apostolici
809 329 990 369 auditores,
1021 341 1058 363 ae
1084 330 1218 364 Sanctae
1251 329 1348 369 sticis.
1368 340 1494 363 necnon
1515 330 1720 374 pecuniariis,
1734 331 1933 375 caeterisque
1947 331 1994 364 iu-

316 864 459 885 camni-armen

277 893 459 914 huiusmmtideci-

276 924 355 940 marum
364 920 459 940 rolli-eto-

276 951 319 965 rem
340 952 351 965 c
362 947 459 969 mstttuit,

276 977 322 992 cum
341 974 415 999 amplis
431 973 459 993 sa-

276 999 396 1020 conatibus.

277 364 355 382 mm*
475 381 637 414 Romanae
657 381 816 414 Ecclesiae
843 382 1021 416 cardinales
1051 383 1082 416 in
1107 383 1217 427 quavis

475 446 570 468 causa
595 441 623 467 et
650 435 812 475 instantia,
835 436 961 469 sublata
984 436 1081 470 eis-et
1104 447 1216 470 eorum

475 487 603 520 cuilibet
625 487 737 530 quavis
766 487 859 522 aliter
884 488 1047 523 iudicandi
1067 495 1098 523 et
1118 490 1218 523 inter-

474 540 619 583 pretandi
648 541 796 574 sa‹-uttate
816 547 845 574 et
867 543 1069 583 auctoritate,
1097 544 1217 588 ubique

474 593 608 626 iudicari
636 599 666 626 et
697 594 825 627 definiri
847 595 975 637 debere,
999 607 1125 630 necnon
1145 597 1218 630 irri-

475 652 541 679 tum
559 652 590 680 et
608 647 714 687 inane,
738 648 891 694 quicquid
917 660 1008 683 secus
1039 661 1098 694 per
1123 661 1217 695 quos-

474 710 624 744 cumque,
640 701 777 735 scienter
796 703 844 739 vel
865 702 1060 746 ignoranter,
1077 704 1219 747 contige-

475 754 515 787 rit
533 755 692 788 attentari.

520 809 536 850 ξ
554 807 606 840 11.
623 808 660 841 L't
680 815 786 842 autem
804 810 914 844 omnia
931 812 1125 855 supradicta,
1138 812 1220 846 sicut

475 871 570 894 causa
589 871 708 904 urgens
729 863 879 906 postulat,
897 863 1068 907 diligenter
1092 871 1123 898 et
1141 865 1220 899 fide-

475 913 548 948 liter
567 915 774 959 exequutioni
795 916 1042 958 demandentur,
1067 918 1219 952 dilectum

475 966 577 1000 filium
597 974 742 1001 nostrum
756 969 929 1003 Henricum
948 971 1082 1005 Sanctae
1095 972 1220 1006 Puden-

476 1020 581 1054 tianae
612 1022 835 1066 presbyterum
870 1024 1068 1058 cardinalem
1101 1025 1220 1060 Caieta-

474 1084 551 1107 num
583 1082 804 1119 nuncupatum
827 1076 858 1110 S.
893 1077 928 1110 R.
961 1078 994 1111 E.
1023 1078 1221 1112 cardinalem

475 1129 700 1169 camerarium,
715 1130 805 1162 cuius
820 1129 985 1173 integritas
1006 1137 1037 1165 et
1057 1133 1221 1176 experien-

475 1181 519 1214 tia
550 1181 613 1214 iam
637 1182 762 1226 pridem
789 1183 881 1217 nobis
901 1191 1067 1229 perspecta
1092 1192 1150 1226 est,
1165 1197 1220 1229 ge-

475 1235 621 1268 neralem
643 1235 790 1269 onmium
817 1236 1015 1271 decimarum
1041 1239 1221 1282 praedicta-

476 1297 548 1320 rum
571 1288 776 1322 collectorem
799 1289 830 1322 in
851 1290 999 1324 universa
1019 1292 1118 1331 ltalia,
1147 1303 1218 1326 cum

475 1341 626 1375 omnibus
657 1348 687 1376 et
725 1343 982 1388 quibuscumque
1019 1345 1215 1389 privilegiis,

476 1393 754 1429 iurisdictionibus
784 1407 820 1429 ac
844 1396 985 1438 iuribus,
1005 1409 1087 1442 quae
1108 1410 1220 1434 omnes

475 1448 528 1481 alii
541 1449 675 1483 antehac
693 1450 880 1485 huiusmodi
894 1452 1082 1486 collectores
1100 1453 1219 1487 habue-

476 1507 560 1541 runt,
583 1503 770 1536 auctoritate
795 1504 969 1547 praedicta,
994 1511 1103 1540 tenore
1126 1517 1219 1551 prae-

475 1555 612 1589 sentium
631 1557 856 1592 constituimus
868 1565 899 1592 et
913 1560 1115 1603 deputamus,
1126 1561 1219 1605 eique

475 1608 620 1652 plenam,
645 1610 778 1644 liberam
811 1617 839 1644 et
869 1612 1048 1646 absolutam
1081 1619 1220 1657 potesta-

477 1669 560 1703 tem,
586 1664 767 1698 facultatem
797 1671 825 1699 ct
857 1666 1078 1700 auctoritatem
1105 1667 1218 1702 tribui-

477 1727 559 1757 mus,
573 1727 686 1751 omnes
700 1718 783 1761 ipsas
797 1719 949 1760 decimas,
963 1720 1115 1754 Gamerae
1129 1732 1220 1765 prae-

477 1769 580 1803 dictae
600 1771 744 1811 nomine,
767 1772 887 1816 ubique
904 1774 1112 1816 procurandi,
1129 1784 1221 1817 prae-

477 1822 579 1856 dictos
599 1834 712 1858 omnes
733 1831 795 1858 tam
817 1825 1025 1866 coniunctim,
1049 1838 1145 1871 quam
1171 1828 1219 1861 di-

477 1876 567 1909 visim
599 1878 637 1910 ad
678 1877 834 1920 integram
866 1879 993 1912 illarum
1027 1880 1220 1914 solutionem

477 1929 535 1971 (uti
557 1930 755 1973 praedictum
771 1930 828 1973 est)
843 1931 1032 1971 faciendam,
1054 1933 1149 1966 etiam
1164 1945 1221 1978 per

478 1983 617 2017 edictum
649 1984 726 2017 locis
759 1985 894 2028 publicis·
919 1986 1126 2028 affigendum,
1150 1998 1219 2021 mo-

478 2037 574 2070 nendi
596 2043 625 2070 et
646 2037 848 2081 requirendi,
873 2049 936 2071 non
962 2046 1120 2083 parentes,
1137 2041 1220 2074 frau-

478 2091 599 2129 dantes,
623 2097 654 2125 et
685 2098 828 2125 caeteros
855 2099 1061 2127 contumaces
1087 2094 1116 2127 in
1144 2105 1220 2128 cen·

479 2252 561 2285 bona
584 2252 725 2296 ipsorum
748 2253 842 2286 etiam
872 2264 968 2286 mauu
997 2254 1084 2294 regia
1105 2266 1220 2298 apprc-

478 2304 659 2344 bend-endi,
689 2311 716 2337 et
750 2317 849 2349 usque
879 2307 917 2338 ad
947 2307 1139 2346 condignam
1172 2319 1221 2341 sa-

478 2358 686 2391 tisfactionum!
713 2358 892 2398 retinemli·,
920 2360 1171 2394 contradicim-vs
1191 2367 1219 2393 et

479 2412 738 2455 perttn'l›ats›1·t·s,
769 2413 989 2446 molestatores
1021 2420 1050 2446 et
1084 2414 1238 2454 rebelles:

478 2476 710 2510 quoscumque,
729 2466 837 2511 eisque
855 2467 1020 2506 auxilium,
1035 2467 1217 2508 consilium,

480 2521 525 2551 vel
548 2520 698 2557 fluorem,
727 2520 852 2563 publicu·
879 2521 924 2553 vel
950 2520 1085 2561 occulte,
1109 2521 1220 2564 quovis

1251 382 1294 416 ris
1313 388 1343 416 et
1361 382 1434 417 sacti
1447 383 1599 416 remediis
1619 384 1846 428 compellendi,
1860 384 1995 428 illasque

1251 435 1346 469 etiam
1365 436 1486 470 iteratis
1507 436 1630 470 vicibus
1649 437 1843 480 aggravandi
1858 465 1865 478 ‚
1890 437 1994 481 digni-

1253 490 1380 530 tatibus,
1392 490 1557 524 beneficiis
1577 496 1608 524 et
1628 482 1741 524 officiis
1762 491 1912 525 omnibus
1931 491 1996 536 pri-

1250 544 1345 576 vandi
1365 550 1397 577 et
1415 544 1597 584 amovendi,
1609 549 1641 578 et
1656 545 1697 578 ad
1714 545 1822 578 futura
1838 545 1996 578 inhabiles

1252 596 1400 638 faciendi,
1428 597 1634 632 interdictum
1654 597 1905 632 ecclesiasticum
1939 609 1996 642 ap-

1252 650 1405 693 ponendi,
1417 650 1638 695 auxiliumque
1658 651 1782 684 brachii
1801 651 1992 692 saecularis,

1253 703 1524 748 quandocumque
1554 715 1635 748 opus
1666 704 1782 745 fuerit,
1811 704 1992 738 invocandi.

1253 757 1299 790 Ad
1320 757 1488 791 sanitatem
1515 768 1592 791 vero
1620 768 1782 798 reversos,
1810 758 1866 802 qui
1891 757 1998 792 debite

1253 810 1475 851 satisfecerint,
1492 811 1532 844 ab
1553 811 1704 845 omnibus
1723 811 1867 845 censuris
1877 817 1909 845 et
1922 821 1998 856 poe-

1253 863 1302 897 nis
1327 864 1519 908 supradictis
1546 865 1577 897 in
1603 865 1709 898 forma
1733 865 1894 899 Ecclesiae
1922 875 1998 898 con-

1253 923 1343 951 sueta
1360 917 1557 959 absolvendi,
1570 929 1667 962 super
1683 918 1918 961 irregularitate
1935 919 1999 952 sor-

1254 981 1310 1004 san
1331 971 1460 1005 incursa
1477 971 1696 1016 dispensandi,
1717 977 1747 1005 et
1766 972 1806 1005 ad
1825 972 1998 1016 pristinum

1254 1029 1369 1057 statum
1391 1024 1523 1058 omnino
1542 1025 1741 1067 restituendi.
1754 1025 1923 1059 Praeterea
1933 1026 1999 1060 eol-

1255 1077 1390 1111 leetores
1420 1084 1449 1112 et
1469 1079 1720 1112 subcollectores
1734 1106 1741 1119 ,
1764 1078 1829 1112 fide
1849 1084 1880 1112 et
1900 1079 1999 1113 facul-

1256 1131 1373 1165 tatibus
1393 1132 1542 1172 idoneos,
1565 1131 1598 1165 in
1624 1132 1775 1166 omnibus
1795 1131 1995 1173 civitatibus,

1256 1183 1348 1216 terris
1378 1189 1406 1217 et
1439 1183 1614 1226 provinciis
1643 1183 1753 1216 Italiae
1789 1183 1995 1227 praedictae,

1254 1242 1414 1281 quotquot
1429 1237 1543 1270 viderit
1556 1237 1717 1281 expedire,
1736 1247 1809 1270 eum
1820 1237 1928 1278 simili,
1945 1243 2000 1271 aut

1255 1290 1390 1324 limitata
1403 1291 1480 1334 (non
1497 1297 1602 1324 tamen
1621 1290 1821 1333 absolvendi)
1841 1296 2000 1335 potestate

1254 1343 1490 1384 constituendi,
1514 1354 1673 1388 eumque,
1701 1344 1750 1378 vel
1781 1354 1837 1378 eos
1864 1344 1999 1378 arbitrio

1253 1408 1311 1431 suo
1339 1397 1533 1438 revocandi,
1557 1397 1757 1441 negligentes
1787 1403 1818 1431 et
1852 1407 1999 1432 morosos

1255 1451 1461 1491 removendi,
1492 1461 1529 1484 ac
1556 1451 1655 1484 alium
1686 1461 1742 1484 seu
1773 1451 1853 1484 alios
1883 1461 1995 1485 surro-

1252 1505 1347 1548 gandi
1376 1505 1641 1549 quotiescumque
1662 1505 1690 1538 ei
1710 1504 1879 1545 videbitur,
1900 1505 1933 1538 in
1945 1505 1998 1540 de-

1253 1558 1433 1602 linquentes
1451 1564 1481 1592 ct
1499 1563 1665 1602 suspectos
1685 1568 1742 1602 per
1761 1568 1795 1592 se
1814 1558 1863 1592 vel
1884 1558 1995 1600 alium,

1253 1622 1308 1646 seu
1334 1611 1424 1651 alios,
1441 1611 1536 1645 etiarn
1563 1611 1753 1656 simpliciter
1773 1617 1804 1645 et
1821 1612 1860 1646 de
1880 1612 1995 1656 plano,

1253 1676 1289 1699 ac
1309 1666 1377 1699 sine
1397 1665 1532 1710 strepitu
1561 1672 1590 1699 et
1620 1665 1724 1709 figura
1745 1665 1870 1707 iudicii,
1894 1665 1999 1711 inqui-

1254 1720 1357 1759 rendi,
1378 1725 1407 1753 et
1427 1719 1548 1753 meritis
1568 1719 1681 1764 poenis
1701 1719 1868 1764 puniendi,
1885 1721 2000 1755 modos

1254 1779 1283 1805 et
1306 1774 1424 1807 formas
1454 1773 1485 1806 in
1515 1772 1688 1816 praedictis
1712 1774 1885 1807 servandos
1906 1784 1998 1817 prae-

1253 1826 1433 1867 scribendi,
1462 1826 1559 1860 dubia
1589 1837 1813 1870 quaecumque
1841 1826 1874 1859 in
1905 1837 1998 1871 prae-

1236 1904 1238 1911 .
1255 1879 1358 1912 missis
1379 1880 1458 1913 sorte
1472 1879 1595 1913 oritura
1609 1879 1804 1917 declarandi,
1822 1885 1852 1912 et
1870 1889 2001 1923 prorsus

1255 1933 1363 1966 omnia
1391 1939 1419 1966 et
1448 1943 1672 1977 quaecumque
1693 1933 1779 1966 circa
1799 1943 1836 1966 ea
1855 1942 2001 1966 necessa-

1256 1986 1301 2020 ria
1329 1992 1358 2020 et
1391 1992 1574 2031 opportuna
1603 1986 1762 2023 faciendi.
1786 1986 1945 2020 statuendi
1971 1992 2001 2020 et

1255 2039 1444 2084 exequendi,
1461 2039 1583 2073 etiamsi
1598 2040 1673 2073 talia
1689 2040 1803 2081 forent,
1817 2050 1898 2083 quae
1912 2050 2002 2073 man-

1237 2094 1363 2142 ¹¹datum
1394 2095 1557 2137 exigerent
1589 2094 1689 2137 magis
1718 2094 1878 2138 speciale,
1903 2105 1999 2138 quam

477 2155 566 2178 suras
590 2151 619 2178 ct
644 2156 763 2189 poenas
791 2146 971 2190 praedictas
992 2147 1140 2180 incidisse
1166 2146 1239 2181 de-³

477 2198 632 2237 rlarandi,
647 2199 871 2243 proprietates,
889 2211 949 2239 res,
968 2202 1098 2238 tructus,
1115 2207 1145 2233 et
1159 2201 1221 2235 ntia
1236 2190 1238 2214 ἶ

1256 2148 1457 2192 presentibus
1477 2154 1520 2181 est
1544 2158 1741 2191 expressum.
1949 2171 1952 2174 »

1300 2204 1315 2241 ξ
1338 2201 1389 2234 Η.
1414 2201 1481 2234 Non
1500 2201 1701 2234 obstantibus
1729 2201 1800 2245 piae
1825 2200 2000 2235 memoriae

1255 2307 1297 2339 ris
1322 2307 1420 2340 nostri
1440 2307 1478 2340 «le
1500 2318 1574 2343 una.
1597 2313 1627 2340 vt
1648 2307 1678 2339 iu
1700 2306 1837 2340 concilio
1858 2307 1998 2349 generali

1255 2360 1339 2393 edita
1359 2361 1398 2393 dt·
1419 2361 1542 2394 tlualms
1563 2359 1685 2400 (linem,
1701 2371 1737 2392 ac
1754 2359 1823 2392 aliis
1847 2360 2000 2404 apostoli-

1256 2413 1300 2446 cis
1320 2413 1602 2446 constitutionibus
1620 2423 1744 2445 necnon
1763 2413 1972 2446 ecclesiarum
1990 2441 1997 2452 ,

1256 2466 1525 2500 monasteriorum
1542 2494 1548 2505 ,
1581 2466 1752 2502 ordinum.
1777 2466 2000 2508 congregatio-

1255 2530 1344 2559 num,
1363 2520 1580 2564 bospitalinm.
1595 2519 1782 2553 militiarum
1805 2526 1835 2553 ct
1854 2520 1999 2553 locorum

479 2573 623 2616 quaesito
645 2574 752 2606 ‹·‹›t‹›n·
776 2580 970 2617 praestantes
988 2575 1220 2618 cuiuscumque
1236 2608 1238 2614 ‚
1256 2574 1508 2617 praedictorum,
1532 2573 1727 2611 imumcnto,
1752 2572 1998 2607 confirmatione

2048 2203 2187 2225 «nutantibus
2204 2228 2206 2230 ¹

2014 2237 2020 2251 ι
2030 2231 2182 2258 utbuscumqun

1237 2246 1238 2292 J
1256 2254 1406 2287 Bonisacii
1428 2255 1530 2298 Papae
1553 2255 1626 2291 Vlll,
1650 2254 1745 2288 etiam
1767 2254 1996 2298 praedecesso·
2031 2259 2110 2283 ww·
