2253 3195
283 163 332 189 An.
355 162 382 190 c.
402 162 470 191 1593
516 153 557 187 74

321 1070 464 1096 aequumne«

282 1099 394 1123 damnati.

298 2455 411 2477 tior-‘nnn
421 2462 435 2475 ιἸ
448 2463 467 2475 u·

284 2485 395 2502 [ulturum

483 218 511 246 et
533 223 645 246 eorum
667 212 796 245 cuilibet
818 211 927 256 quavis
953 212 1044 245 aliter
1065 211 1224 244 iudicandi
1242 214 1244 230 ¹

483 271 512 298 et
533 265 765 310 interpretandi
785 265 934 298 facultate
966 271 994 297 et
1020 264 1222 304 auctoritate,

483 319 615 352 iudicari
638 325 665 352 et
688 318 816 352 diffiniri
838 318 972 352 debere:
996 317 1121 350 irritum
1147 328 1226 361 qno-

482 383 544 416 que
558 379 586 405 et
608 373 702 405 inane
727 372 884 415 quidquid
904 382 995 404 secus
1016 382 1113 415 super
1136 372 1184 405 his
1208 383 1225 405 a

482 437 657 469 quoquam,
675 426 784 469 quavis
806 425 1006 465 auctoritate,
1023 426 1163 459 scienter
1178 427 1224 458 vel

483 480 678 522 ignoranter,
691 479 861 521 contigerit
871 479 1019 512 attentari
1029 491 1036 517 2
1053 479 1226 513 districtius

483 533 664 566 inhibentes
675 533 777 566 dictae
799 533 933 566 civitatis
954 533 1049 566 etiam
1068 534 1107 567 de
1128 534 1225 567 latere

482 586 597 628 legato,
621 586 830 629 viee-legato,
855 586 1061 629 gubernatori
1095 592 1125 620 et
1156 586 1226 619 aliis

482 639 740 683 quibuscumque
777 639 957 680 iudicibus,
989 650 1073 673 nunc
1106 646 1133 673 et
1166 650 1225 684 pro

483 699 626 736 tempore
647 693 864 733 existentibus,
885 704 924 726 ne
945 693 1115 734 colleg-ium
1135 699 1165 726 et
1182 694 1226 726 le—

481 752 585 779 ctores
605 747 766 790 praefatos
785 757 882 790 super
910 747 1092 790 praemissis
1120 746 1226 779 omni-

481 799 539 832 bus
560 805 590 832 et
609 799 743 842 singulis
762 800 810 832 vel
832 810 943 833 eorum
966 800 1089 843 aliquo,
1114 800 1226 844 quovis

481 859 647 896 praetextu
667 863 721 885 seu
743 853 889 896 quaesito
903 854 1022 892 colore,
1040 854 1222 895 molestare,

481 905 670 949 perturbare
704 906 751 938 vel
785 906 964 949 inquietare
998 907 1136 939 audeant
1169 918 1224 939 seu

480 965 696 1001 praesumant.
1173 991 1175 993 ,

525 1011 590 1054 57.
621 1012 655 1045 Et
689 1011 899 1045 nihilominus
930 1013 1104 1046 venerabili
1137 1013 1224 1046 fratri

480 1071 590 1099 nostro
605 1065 755 1110 episcopo
773 1065 938 1105 Perusino,
954 1078 989 1100 ae
1011 1067 1134 1100 dilectis
1152 1066 1225 1100 tiliis

481 1119 588 1152 curiae
607 1130 775 1153 causarum
790 1119 940 1153 Gamerae
955 1120 1158 1164 Apostolicae
1172 1131 1225 1163 ge-

481 1174 582 1207 nerali
603 1174 754 1215 auditori,
778 1185 814 1207 ac
828 1174 931 1208 dietae
952 1174 1086 1208 civitatis
1106 1175 1224 1217 guber-

481 1228 585 1261 natori
609 1238 693 1261 nunc
714 1234 744 1261 et
765 1238 823 1272 pro
844 1234 990 1272 tempore
1003 1228 1221 1269 existentibus,

481 1291 539 1324 per
551 1287 734 1325 praesentes
748 1282 978 1315 committimus
991 1287 1021 1315 et
1035 1282 1225 1315 mandamus

481 1342 639 1379 quatenus
659 1335 736 1379 ipsi,
769 1336 814 1368 vel
836 1336 900 1369 duo
921 1342 974 1369 aut
994 1346 1077 1369 unus
1097 1346 1221 1375 eorum,

481 1399 539 1432 per
558 1399 591 1422 se
603 1389 649 1422 vel
669 1389 766 1422 alium
788 1400 842 1422 seu
864 1390 955 1426 alios,
972 1395 1155 1434 praesentes
1176 1389 1225 1422 lit-

482 1449 565 1476 teras
585 1448 615 1476 et
635 1443 665 1475 in
688 1443 732 1476 eis
753 1449 903 1476 contenta
927 1454 1149 1487 quaecumque
1175 1454 1225 1477 so-

481 1496 630 1529 lemniter
659 1496 841 1540 publicent,
876 1507 912 1530 ac
943 1497 1099 1540 publicari
1131 1503 1160 1530 et
1190 1508 1225 1530 ea

481 1550 590 1583 omnia
615 1556 641 1583 et
672 1551 796 1590 sing-*ula
823 1557 979 1594 perpetuo
1001 1551 1162 1584 observari
1184 1552 1226 1584 la-

482 1604 566 1636 ciant
587 1610 682 1648 atque
704 1610 888 1647 procurent,
918 1616 975 1637 nee
1008 1614 1070 1637 non
1094 1605 1223 1638 thesau-

482 1657 600 1690 rarium
623 1657 727 1698 dictae
748 1658 881 1691 civitatis
899 1664 930 1690 et
950 1658 1029 1691 alios
1055 1658 1222 1700 obligatos„

481 1721 536 1744 seu
569 1711 811 1755 quomodolibet
843 1712 965 1744 solvere
997 1712 1163 1748 debentes.
1187 1713 1225 1745 ad

481 1764 656 1798 solutiones
678 1765 836 1808 praefatas
865 1765 1025 1798 faciendas
1054 1772 1167 1807 rogant
1197 1772 1226 1798 et

482 1818 687 1861 compellant,
711 1829 774 1851 non
807 1818 1026 1861 permittentes
1055 1819 1225 1861 collegium

482 1876 511 1903 et
542 1871 676 1904 lectores
697 1870 881 1903 huiusmodi
904 1882 939 1903 ac
962 1870 1089 1903 illorum
1116 1871 1226 1914 singu-

483 1924 565 1956 lares
586 1934 738 1967 personas
760 1925 897 1967 desuper
917 1936 932 1956 a
955 1935 1117 1968 quoquam
1140 1936 1223 1968 quo-

484 1977 658 2010 modolibet
693 1977 874 2017 molestari,
904 1978 1083 2021 perturbari
1106 1985 1159 2011 aut
1181 1979 1226 2011 in-

483 2031 628 2074 quietari,
654 2031 909 2063 Contradirtorcs
929 2030 1088 2074 quoslibet
1119 2037 1149 2064 et
1178 2042 1223 2063 re-

483 2084 581 2117 belles
613 2096 650 2117 ae
681 2084 863 2127 praemissis
894 2095 957 2116 non
992 2090 1139 2127 parentes
1170 2095 1226 2127 per

481 2137 653 2169 sententias
687 2143 715 2169 et
746 2148 896 2169 censuras
931 2137 1161 2170 ecclesiasticas
1189 2149 1225 2169 at·

483 2191 577 2223 etiam
601 2191 801 2234 pecuniarias
822 2202 941 2235 poenas
961 2191 1086 2235 aliaque
1108 2202 1225 2235 oppor-

484 2250 558 2276 tuna
578 2244 654 2276 iuris
676 2252 702 2277 ct
726 2245 797 2277 tiu-ti
829 2245 986 2284 remedia,
1011 2245 1225 2289 appellatione

484 2298 668 2341 postposita,
694 2300 941 2341 compesci-ndo,
964 2299 1109 2331 invocato
1130 2299 1224 2331 ctiam

483 2351 521 2382 ad
542 2351 600 2382 liot·
622 2352 739 2383 auxilio
763 2352 883 2384 brat-titi
903 2352 1085 2384 saecularis.

530 2406 587 2441 358.
614 2405 678 2436 Χωιι
702 2405 903 2437 obstantibus
918 2405 1088 2448 pt'ttt·tll⁴·lis
1110 2405 1226 2437 nostris

485 2456 608 2492 litteris,
633 2468 667 2489 a«-
689 2458 829 2490 eiusdem
847 2458 889 2490 l'ii
913 2458 1167 2501 praedecessoris
1187 2459 1225 2490 de

484 2510 591 2549 gratiis
624 2511 774 2542 intera-sse
800 2512 949 2543 (latin-rac
982 2511 1222 2555 quomodolibet

483 2563 763 2598 convvi-nvntituta,
790 2563 818 2595 in
845 2565 955 2595 vadem
978 2566 1120 2600 (laium-a,
1147 2564 1243 2596 inl'rai

1066 164 1248 188 BULLARIUM
1269 163 1422 188 ROMANUM

1261 217 1383 244 certum
1406 211 1484 244 inibi
1502 221 1686 255 expressum
1702 217 1838 256 tempus,
1853 221 2004 256 praesen-

1261 266 1364 299 tandis
1385 272 1413 299 et
1440 265 1658 308 registi-andis,
1682 276 1741 299 nee
1761 276 1825 299 non
1845 266 1917 310 piae
1937 277 2003 299 me-

1261 319 1382 353 moriae
1402 319 1554 353 Bonisacii
1574 320 1679 363 Papae
1696 320 1772 361 VllI,
1796 320 1892 353 etiam
1912 330 2004 364 prae-

1260 372 1436 406 decessoris
1456 372 1567 413 nostri,
1598 373 1637 406 de
1657 383 1731 414 una,
1753 378 1784 406 et
1803 373 1930 406 concilii
1951 383 2004 416 ge-

1260 426 1376 459 neralis
1394 426 1432 459 de
1451 426 1575 459 duabus
1588 425 1712 465 diaetis,
1729 426 1907 459 dummodo
1921 427 2004 460 ultra

1261 485 1322 513 tres
1343 481 1464 513 diaetas
1489 480 1608 523 aliquis·
1635 479 1825 512 auctoritate
1855 490 2004 524 praesen-

1262 533 1338 566 tium
1360 534 1399 566 ad
1430 533 1582 566 iudicium
1605 543 1668 566 non
1696 533 1853 573 trahatur3
1878 538 1908 566 et
1928 532 2002 576 qui-

1260 587 1366 620 busvis
1383 587 1452 620 aliis
1473 586 1755 620 constitutionibus
1777 592 1808 620 et
1827 586 2004 619 ordinatio-

1260 640 1353 672 nibus
1367 639 1565 683 apostolicis;
1582 650 1618 672 ac
1631 639 1734 672 dictae
1747 639 1890 679 civitatis,
1908 639 2004 672 etiam

1261 694 1452 731 iuramento,
1478 694 1725 727 confirmatione
1756 693 1932 738 apostolica
1957 693 2004 726 vel

1260 747 1370 790 quavis
1390 747 1541 780 firmitate
1562 747 1623 780 alia
1646 747 1815 787 roboratis,
1832 746 1956 780 statutis
1974 752 2003 779 et

1261 800 1565 836 consuetudinibus:
1589 811 1625 833 ac
1646 800 1796 833 omnibus
1818 800 1890 837 illis,
1922 810 2004 843 quae

1261 854 1335 887 dicti
1368 854 1632 897 praedecessores
1664 854 1694 886 in
1724 852 1859 895 singulis
1890 863 2003 886 eorum

1261 907 1374 940 litteris
1395 907 1545 950 praefatis
1570 907 1738 940 voluerunt
1769 916 1833 939 non
1863 906 2000 939 obstare.

1259 960 1380 999 Quibus
1400 960 1561 998 omnihus,
1579 970 1691 993 eorum
1708 965 1833 993 tenores
1854 969 2005 1003 praesen-

1261 1014 1343 1047 tibus
1375 1025 1433 1057 pro
1464 1014 1619 1057 expressis
1650 1014 1815 1051 habentes.
1846 1013 1905 1046 hae
1938 1012 2004 1046 viee

1260 1067 1434 1104 dumtaxat,
1460 1067 1573 1100 haruin
1596 1067 1690 1107 serie,
1705 1066 1886 1110 specialiter
1902 1071 1933 1098 et
1953 1077 2004 1099 ex-

1260 1130 1366 1164 presse
1388 1121 1591 1161 derogamus,
1615 1120 1814 1164 eaeterisque
1835 1118 2004 1153 contrariis

1259 1175 1528 1218 quibuscumque.
1552 1176 1611 1208 Aut
1632 1175 1656 1207 si
1678 1174 1838 1219 aliquibus
1858 1183 2004 1207 commu-

1259 1227 1343 1260 niter
1363 1229 1409 1261 vel
1431 1228 1555 1261 divisim
1577 1228 1617 1260 ab
1644 1228 1756 1261 eadem
1785 1227 1825 1261 sit
1847 1227 1928 1261 Sede
1957 1226 2004 1259 in-

1260 1281 1385 1314 dultum
1406 1282 1492 1325 quod
1515 1281 1674 1322 interdici,
1698 1280 1847 1325 suspendi
1877 1280 1925 1313 vel
1953 1290 2003 1313 ex·

1260 1335 1489 1368 comnumirari
1529 1345 1591 1368 non
1623 1335 1763 1379 possint,
1795 1345 1853 1378 per
1883 1333 2004 1366 litteras

1259 1388 1450 1432 apostolicas
1477 1399 1539 1421 non
1571 1389 1721 1422 facientes
1742 1388 1869 1432 plenam
1890 1393 1919 1421 et
1949 1397 2002 1420 ex-

1260 1452 1401 1485 pressam
1424 1453 1458 1475 at·
1480 1443 1518 1475 de
1550 1442 1645 1475 verbo
1677 1442 1717 1475 ad
1742 1441 1874 1474 verbum
1896 1441 1935 1473 de
1957 1441 2003 1473 in-

1261 1496 1349 1528 dulto
1372 1496 1555 1528 huiusmodi
1578 1496 1786 1529 intentionem.

1305 1549 1417 1581 Datum
1450 1550 1568 1582 Romae
1600 1549 1685 1593 apud
1716 1549 1746 1582 S.
1770 1549 1922 1588 Marcum,
1944 1547 2004 1582 sub

1261 1604 1380 1636 annulo
1413 1603 1592 1640 piscatoris,
1625 1603 1676 1637 die
1707 1614 1746 1636 xx
1778 1602 1843 1635 iulii
1865 1612 2000 1642 mnxcni,

1261 1656 1465 1699 pontificatus
1486 1656 1585 1689 nostri
1607 1666 1691 1689 anno
1712 1666 1746 1689 11.

1298 1718 1353 1744 Dat.
1371 1718 1458 1745 ‹th—*20
1474 1718 1529 1745 iulii
1552 1718 1630 1752 1593,
1648 1718 1742 1753 pontis.
1761 1726 1804 1745 an.
1818 1726 1846 1744 11.

1583 1880 1684 1913 mxl.

1263 1977 1472 2019 Confirmatio
1492 1977 1681 2009 concordiae
1701 1977 1804 2009 initae
1825 1977 1910 2010 inter
1928 1976 2004 2010 Ate-

1303 2030 1466 2062 :raemdrum
1500 2029 1700 2063 cardinalem
1737 2030 1948 2070 Farnesium,
1976 2034 2004 2063 el

1304 2083 1531 2115 estlese'asticos
1552 2084 1789 2116 avenionenses
1816 2088 1844 2116 et
1864 2084 2000 2117 comita.-

1306 2141 1355 2169 tus
1379 2137 1562 2170 Venaa‘ssiin'
1588 2147 1684 2179 super
1703 2137 1902 2180 ereniplione
1925 2136 2005 2170 cleri

1305 2201 1322 2222 a
1343 2190 1408 2232 {effe
1427 2190 1618 2233 spoliorum.
1639 2195 1667 2222 c!
1684 2190 1859 2232 mirificatio
1880 2189 2003 2223 littera-

1306 2256 1376 2277 rum
1402 2244 1484 2277 Iulii
1507 2244 1560 2277 ΙΙΙ
1579 2248 1607 2277 t‘!
1631 2245 1686 2277 Pii
1713 2245 1735 2277 lv
1753 2244 1771 2276 ¹.

1469 2334 1600 2361 clemens
1618 2334 1696 2368 Papa
1712 2334 1790 2364 VIII.

1393 2387 1428 2414 ad
1446 2390 1620 2421 perpetuam
1635 2387 1679 2414 rei
1695 2387 1874 2415 memoriam.

1305 2456 1463 2497 tingimini
1485 2456 1670 2489 universalis
1691 2457 1861 2498 Ecclesiae,
1882 2457 2004 2491 meritis

1262 2509 1331 2543 licet
1345 2510 1531 2553 imparibus,
1547 2511 1734 2554 disponente
1749 2511 1895 2553 Domino,
1912 2522 2002 2555 prae-

1299 2574 1304 2598 l
1328 2572 1361 2599 Ex
1385 2573 1490 2606 llum-st.
1514 2574 1538 2599 in
1553 2574 1654 2600 St-vrvt.
1674 2573 1806 2601 ltu-vium.

2017 162 2066 191 An.
2088 162 2116 190 C.
2134 162 2202 192 1593

2045 2460 2164 2482 Error-lium.
