2253 3195
22 227 23 278 ἴ
60 242 108 268 An.
131 240 160 268 c.
180 239 245 267 ¹597

873 240 1021 264 CLEMENS
1041 240 1099 264 Vlll
1117 240 1166 264 PP.

259 293 289 322 et
310 288 349 321 ab
370 288 532 328 omnihus,
557 299 638 333 quos
658 294 858 322 concernunt
878 294 908 321 et
928 298 1002 321 con-

258 347 392 379 cernent
411 341 443 374 in
464 341 620 383 futurum,
645 341 874 376 inviolabiliter
893 342 1003 374 obscr-

258 394 323 427 vari
344 394 473 435 debere,
488 405 547 428 nec
567 406 632 428 non
654 395 738 428 dicto
752 395 923 428 Francisco
941 395 1003 427 Ma-

258 448 323 481 riae
346 449 522 489 cardinali,
548 460 584 481 ac
604 459 663 492 pro
690 454 836 491 tempore
856 447 1002 480 existenti

257 502 500 546 archiepiscopo
514 501 727 535 Avenionensi
741 501 920 543 suffragari,
935 511 1003 533 cos-

258 566 320 598 que
350 555 412 588 illis
442 555 526 596 frui,
555 555 601 588 uti
633 560 664 587 et
693 554 835 596 gaudere
860 564 953 597 posse
973 559 1001 586 ct

259 609 387 649 debere,
410 619 469 641 nec
496 618 593 652 super
622 607 701 648 illis,
727 612 790 640 tam
819 607 851 639 in
883 606 1003 639 iudicio

258 672 355 705 quam
376 667 465 695 extra
485 661 652 701 iudicium,
670 660 766 694 etiam
789 660 821 692 in
840 660 910 693 soro
925 670 1002 693 con-

257 713 411 747 scientiae
432 724 450 746 a
469 724 528 757 pro
550 719 695 757 tempore
709 713 863 746 existente
876 718 999 750 nostro,

258 774 289 801 et
308 768 398 802 Sedis
418 768 621 812 Apostolicae
641 768 681 801 de
694 768 793 801 latere
807 768 911 810 legato
925 769 1003 800 Ave-

258 821 405 855 nionensi
425 832 482 855 seu
502 821 570 855 eius
591 821 778 863 vicelegato,
795 826 849 854 aut
867 820 999 861 vicario,

259 880 291 908 et
309 875 421 919 quovis
442 875 506 908 alio
527 875 708 915 molestari,
732 873 932 918 perturbari,
949 879 1004 907 aut

232 927 431 973 ‚inquietari
463 928 647 961 nullatenus
676 938 791 972 posse;
827 928 937 971 sicque
974 932 1005 960 et

259 990 324 1012 non
345 980 437 1013 aliter
467 980 506 1013 ab
535 981 685 1014 omnibus
705 987 735 1013 et
763 980 897 1023 singulis
923 990 1000 1013 cen-

259 1032 333 1073 seri,
349 1039 380 1066 et
390 1033 434 1066 ita
441 1044 501 1077 per
510 1044 733 1077 quoscumque
743 1034 864 1067 iudices
878 1039 1003 1066 etcom-

259 1085 436 1127 missarios,
463 1087 573 1130 quavis
594 1087 785 1120 auctoritate
814 1088 999 1129 fungentes,

258 1151 295 1173 ac
315 1140 445 1173 eosdem
462 1140 494 1173 S.
518 1140 554 1173 R.
578 1140 737 1173 Ecclesiae
758 1140 948 1181 cardinales,
973 1146 1003 1174 et

257 1193 460 1237 praedictum
477 1193 733 1227 Avenionensem
755 1200 785 1226 et
805 1194 884 1227 alios
902 1195 941 1227 de
959 1195 1003 1227 la-

258 1251 325 1280 tere
345 1247 477 1289 legatos,
501 1258 538 1280 ac
558 1246 654 1279 etiam
684 1246 793 1290 palatii
825 1248 926 1281 nostri
946 1259 1003 1281 au-

258 1300 397 1341 ditores,
431 1301 557 1334 sublata
589 1300 633 1334 eis
665 1306 695 1334 et
727 1311 839 1334 eornm
871 1301 1000 1335 cuilibet

258 1354 368 1398 quavis
393 1354 486 1388 aliter
515 1354 679 1388 iudicandi
708 1361 738 1388 et
768 1355 1001 1400 interpretandi

217 1434 219 1438 Α
259 1408 410 1441 facultate
430 1414 461 1441 et
480 1409 682 1449 auctoritate,
703 1409 838 1443 iudicari
865 1415 896 1443 et
924 1410 1002 1443 defi-

76 1729 149 1750 Eidem
164 1731 246 1751 archis»-

62 1755 149 1783 piscopu
169 1758 246 1778 asseri-

61 1783 95 1812 tur
127 1784 246 1805 omnimoda

61 1809 180 1831 iurisdictio
208 1817 247 1832 su-

62 1840 100 1861 per
117 1837 192 1858 casti-is
212 1838 246 1859 hic

62 1863 179 1884 recensitis,

260 1461 322 1494 niri
340 1461 469 1502 debere,
481 1472 540 1495 nec
554 1473 620 1495 non
633 1462 791 1506 quidquid
804 1474 894 1497 secus
907 1475 1003 1508 super

260 1514 310 1547 his
327 1525 344 1547 a
362 1511 537 1559 quoquam,
555 1515 666 1559 quavis
687 1516 1004 1557 auctoritate,scicn-

263 1573 310 1600 ter
339 1568 387 1600 vel
418 1568 622 1610 ignoranter,
653 1567 822 1611 contigerit
855 1571 1002 1604 attentari

261 1621 387 1655 irritum
408 1627 438 1654 et
458 1621 553 1655 inane
574 1622 789 1655 decernimus.

306 1676 322 1716 g
342 1674 373 1707 4.
395 1674 564 1708 Caeterum
579 1703 586 1715 ,
610 1675 686 1719 quia
700 1702 707 1715 ‚
731 1675 813 1709 sicut
833 1677 928 1710 ctiam
950 1688 1003 1711 ac-

262 1727 418 1771 cepimus,
434 1729 505 1762 loca
518 1728 742 1769 Bituritarum‚
758 1740 794 1762 ac
814 1730 1000 1772 Castrinovi,

261 1782 459 1816 Carcernerii
472 1810 479 1823 ,
512 1788 544 1815 et
571 1783 740 1825 Gigoniani
774 1784 1004 1818 Avenionensis

262 1835 428 1876 dioecesis,
452 1836 650 1880 illorumque
670 1836 892 1871 universitates
904 1843 935 1871 et
947 1838 1005 1872 ho-

262 1889 364 1922 mines
377 1890 435 1923 sub
450 1889 535 1923 dicto
547 1886 712 1929 comitatu,
727 1896 758 1924 et
770 1891 829 1924 sub
844 1892 1005 1934 legatione

261 1941 492 1983 Avenionensi‚
530 1943 562 1976 in
597 1944 831 1987 temporalibus
871 1944 1004 1978 minime

263 1995 605 2039 compraehenduntur
618 2024 626 2037 ,
657 2007 716 2030 nec
751 1998 1005 2041 compraehensa

262 2054 346 2090 sunt,
370 2049 427 2082 sed
447 2050 691 2094 archiepiscopo
712 2051 925 2085 Avenionensi
946 2064 1005 2096 pro

262 2108 408 2146 tempore
428 2102 586 2143 existenti,
607 2103 703 2136 etiam
724 2104 755 2136 in
773 2105 1006 2148 temporalibus

261 2155 406 2189 subiecta
426 2155 573 2195 existunt,
597 2161 628 2189 et
648 2157 688 2190 ad
710 2167 853 2190 mensam
882 2158 1003 2192 archie-

262 2205 459 2253 piscopalem
480 2209 576 2253 pleno
597 2209 667 2243 iure
685 2216 848 2253 spectant;
873 2217 903 2244 ct
923 2212 1006 2244 nihi-

263 2263 404 2296 lominus
429 2273 532 2304 nunc,
557 2269 588 2296 et
612 2274 670 2307 pro
698 2269 844 2307 tempore
869 2264 1007 2307 existens

263 2322 372 2349 noster
391 2322 422 2350 et
443 2316 533 2350 Sedis
554 2316 757 2360 Apostolicae
774 2318 813 2350 de
837 2318 936 2351 latere
956 2319 1003 2351 le-

264 2375 356 2412 gatus
376 2370 618 2411 Avenionensis,
642 2370 792 2414 illiusque
815 2370 1008 2413 vicelegatus

264 2429 295 2456 et
314 2423 463 2465 vicarius,
478 2424 596 2467 aliique
616 2424 721 2457 forsan
740 2424 824 2457 illius
842 2424 1005 2466 officiales,

265 2482 432 2521 praetextu
451 2488 564 2510 eorum
586 2478 829 2517 iurisdictionis,
846 2478 1008 2512 interdum

265 2530 298 2563 in
311 2541 348 2564 ea
366 2536 398 2563 et
418 2540 473 2563 eos
493 2530 634 2575 aliquam
655 2531 911 2565 iurisdictionem
931 2537 1009 2565 tem-

266 2584 411 2628 poralem
431 2590 654 2625 exercuerunt,
664 2589 695 2618 et
708 2595 856 2619 exercere
869 2585 1010 2629 potuisse

267 2648 304 2672 ac
322 2648 416 2681 posse
435 2638 672 2682 praetendunt;
696 2644 727 2673 et
746 2644 918 2684 propterea
929 2649 1010 2674 non-

1688 229 1747 263 371

1037 288 1144 321 nullae
1165 288 1401 322 controversiae
1422 288 1504 321 inter
1523 288 1673 321 eumdem
1696 289 1781 330 lega-

1037 347 1115 382 tum,
1127 341 1210 374 illius
1223 342 1432 385 vicelegatum
1451 348 1482 375 et
1501 342 1779 386 archiepiscopum

1037 395 1237 437 praedit-tum
1259 406 1363 439 nuper
1383 402 1472 429 ortae
1492 401 1576 436 sunt,
1593 406 1630 428 ac
1650 396 1689 428 de
1710 406 1781 428 cae-

1038 452 1105 480 tero
1120 448 1196 480 oriri
1210 454 1355 491 possent,
1378 459 1437 482 nos
1457 449 1497 482 ad
1512 449 1565 481 illa
1585 449 1781 482 removenda

1038 506 1068 533 ct
1089 501 1246 539 evitanda,
1269 507 1300 534 ct
1320 502 1397 535 alias
1418 513 1476 546 pro
1497 503 1582 535 bono
1600 502 1699 546 pacis,
1723 513 1780 535 au-

1038 553 1183 586 ctoritate
1204 560 1232 586 ct
1256 560 1366 587 tenore
1388 555 1568 599 praedictis,
1593 555 1689 588 ctiam
1702 566 1778 599 per-

1038 611 1134 649 petuo
1155 607 1335 647 statuimus,
1359 608 1563 641 decernimus
1584 613 1614 640 et
1638 608 1782 641 declara-

1038 669 1119 699 mus,
1143 661 1231 703 quod
1263 661 1301 693 dc
1330 666 1457 694 caetero
1482 661 1646 705 perpetuis
1666 661 1782 694 suturis

1038 713 1256 756 temporibus,
1280 724 1366 747 nunc
1391 720 1421 747 ct
1452 726 1510 758 pro
1538 720 1683 758 tempore
1715 715 1780 748 exi-

1037 771 1121 799 stens
1141 773 1250 800 noster
1276 773 1306 800 ct
1326 768 1471 801 eiusdem
1491 769 1581 802 Sedis
1611 770 1650 802 de
1681 769 1782 802 latere

1038 819 1161 861 legatus
1181 821 1423 861 Avenionensis,
1447 821 1597 865 illiusque
1617 821 1778 864 vicelega-

1039 878 1087 905 tus
1107 884 1142 905 ac
1163 873 1312 914 vicarius,
1336 880 1367 907 et
1389 874 1443 907 alii
1472 875 1556 907 illius
1577 875 1729 908 officiales
1749 875 1781 907 in

1039 926 1141 959 causis
1152 928 1418 970 appellationum,
1432 939 1514 972 quae
1527 929 1567 961 ad
1581 929 1686 961 sorum
1701 933 1783 961 tem-

1037 980 1148 1021 porale
1168 979 1328 1013 dictorum
1354 981 1501 1014 locorum
1528 986 1689 1025 spectant,
1714 986 1745 1013 et
1764 991 1782 1013 a

1039 1031 1198 1065 iudicibus
1223 1044 1260 1066 ac
1287 1034 1515 1067 commissariis
1545 1045 1603 1078 pro
1633 1039 1781 1078 tempore

1038 1084 1198 1118 existentis
1218 1086 1451 1130 archiepiscopi
1477 1087 1736 1131 interponuntur,
1749 1098 1782 1120 se

1038 1138 1271 1180 intromittere,
1295 1145 1324 1172 et
1346 1140 1379 1172 in
1406 1140 1498 1173 dictis
1525 1141 1603 1173 locis
1630 1140 1782 1174 officiales

1038 1192 1234 1235 temporales
1254 1203 1365 1225 creare
1388 1198 1443 1226 aut
1469 1193 1659 1232 destituere,
1684 1194 1782 1226 taleas

1038 1251 1068 1278 et
1088 1246 1239 1280 collectas
1257 1247 1436 1290 imponere,
1462 1258 1517 1280 seu
1538 1246 1703 1291 impositas
1724 1257 1780 1290 ap-

1037 1301 1186 1343 prohare,
1199 1302 1333 1344 gratiam
1350 1312 1448 1345 super
1464 1301 1587 1335 delictis
1602 1300 1781 1334 commissis

1037 1354 1152 1395 facere,
1180 1355 1315 1388 mulctas
1341 1355 1504 1395 indicere,
1529 1361 1560 1388 et
1587 1355 1673 1387 bona
1702 1354 1780 1388 fisco

1036 1408 1199 1451 applicare
1230 1414 1259 1442 et
1291 1409 1518 1453 incorporare,
1546 1408 1781 1453 prohibitiones

1038 1467 1068 1494 et
1087 1462 1296 1495 bannimenta
1320 1473 1360 1495 ne
1386 1464 1546 1505 frumenta
1573 1462 1781 1495 extrahantur

1037 1516 1256 1559 promulgare,
1274 1516 1553 1549 contravenientes
1565 1515 1692 1559 punire,
1707 1515 1781 1549 sub-

1038 1569 1135 1609 sidia,
1159 1569 1184 1601 si
1212 1579 1295 1612 quae
1315 1574 1461 1612 tempore
1486 1569 1561 1602 belli
1591 1569 1781 1602 exercitibus

1038 1621 1099 1654 sint
1131 1622 1335 1665 praestanda,
1359 1622 1522 1661 indicere,
1551 1627 1606 1654 aut
1635 1622 1781 1665 quamvis

1038 1674 1133 1707 aliam
1174 1675 1452 1717 iurisdictionem,
1484 1686 1566 1719 quae
1603 1675 1782 1719 temporale

1039 1730 1219 1762 dominium
1240 1735 1424 1770 concernat,
1448 1740 1595 1762 exercere
1619 1739 1685 1761 non
1710 1739 1782 1772 pos-

1038 1783 1101 1816 sint
1126 1794 1231 1827 neque
1258 1783 1418 1823 debeant,
1448 1783 1509 1816 nisi
1540 1783 1634 1816 aliter
1664 1783 1779 1823 suerit,

1039 1838 1194 1882 expressis
1213 1837 1318 1870 verbis
1335 1837 1409 1871 etin
1426 1836 1602 1878 individuo,
1617 1847 1635 1870 a
1647 1837 1740 1870 nobis
1753 1842 1785 1871 et

1039 1891 1278 1924 successoribus
1297 1890 1415 1924 nostris
1435 1890 1618 1934 specialiter
1646 1900 1781 1923 conces-

1039 1956 1110 1978 sum
1131 1950 1161 1978 et
1181 1944 1376 1985 ordinatum,
1397 1944 1454 1977 sed
1474 1944 1650 1988 praemissa
1674 1943 1784 1977 omnia

1040 1998 1225 2042 praedictus
1245 1997 1433 2031 Franciscus
1462 1997 1560 2031 Maria
1586 1996 1758 2030 cardinalis
1772 2024 1780 2037 ,

1041 2057 1071 2084 et
1097 2062 1156 2095 pro
1186 2056 1331 2095 tempore
1356 2051 1492 2084 existens
1523 2050 1784 2094 archiepiscopus

1799 240 1846 267 An.
1869 239 1899 267 C.
1910 241 1976 268 ¹597

1041 2105 1270 2139 Avenionensis
1297 2116 1427 2148 gerere,
1452 2100 1600 2138 exercere
1621 2110 1652 2137 et
1670 2104 1784 2148 exequi
1833 2107 1844 2118 ·

1040 2159 1142 2202 possit
1161 2164 1192 2192 et
1212 2159 1338 2192 debeat.

1086 2213 1102 2253 ξ
1124 2211 1153 2244 5,
1170 2211 1343 2255 Dictusque
1363 2212 1486 2254 legatus
1505 2210 1735 2245 Avenionensis
1748 2211 1786 2243 il-

1814 2213 1894 2239 Legato
1905 2218 1954 2233 vero
1963 2214 1986 2234 it-

1800 2240 1835 2260 lud
1848 2246 1880 2260 ius
1893 2240 1949 2266 quod
1959 2240 1985 2261 ad

1042 2264 1167 2308 liusque
1186 2264 1380 2308 vicelegatus
1395 2293 1402 2306 ,
1426 2276 1462 2298 ac
1489 2264 1644 2305 vicarius,
1668 2264 1787 2308 aliique
1801 2267 1925 2297 P0¹¹¹is¹⁶0¹¹¹
1960 2267 1986 2288 d⁰

1042 2318 1110 2351 eius
1130 2318 1283 2352 officiales
1303 2319 1477 2362 praedicti,
1502 2318 1659 2351 beneficia
1684 2319 1786 2351 cccle-

1042 2372 1168 2405 siastica
1188 2372 1221 2405 in
1238 2373 1402 2406 mensibus
1428 2372 1521 2405 nobis
1545 2377 1575 2404 et
1595 2371 1788 2405 successori-

1042 2425 1102 2458 hus
1121 2425 1240 2458 nostris
1252 2425 1422 2459 reservatis
1440 2431 1470 2458 et
1489 2425 1611 2458 affectis
1628 2418 1687 2468 pro
1702 2431 1784 2458 tem-

1043 2489 1121 2522 pore
1153 2479 1359 2518 vacantibus,
1390 2479 1476 2511 iuxta
1503 2478 1571 2511 eius
1598 2479 1784 2519 facultates,

1044 2532 1210 2570 conferre,
1232 2538 1262 2565 ct
1284 2532 1315 2564 in
1336 2532 1579 2565 beneficialibus
1610 2543 1646 2565 ac
1679 2532 1788 2565 matri-

1045 2585 1242 2619 monialibus
1262 2585 1366 2619 causis
1386 2596 1419 2619 sc
1440 2585 1666 2626 intromittere,
1691 2591 1722 2618 ct
1739 2596 1790 2619 ea-

1045 2651 1116 2674 rum
1137 2639 1370 2685 appellationes
1390 2640 1572 2682 admittere,
1593 2640 1715 2675 iudices
1735 2640 1790 2673 de-

1802 2300 1847 2314 iure
1862 2296 1950 2320 spectat.
