2253 3195
298 242 347 268 An.
365 242 395 269 c.
413 241 481 269 1600
526 230 590 265 600

311 305 429 333 ‚in-gutiam
445 304 481 333 aa.
496 290 558 336 alia
586 289 691 323 officia
711 289 786 322 dieti
809 289 955 329 Ordinis,
985 289 1029 322 sie
1050 288 1164 322 litteris
1185 295 1236 321 aut

297 331 481 378 i2i³³r¹a⁰3¹i¹i¹uni'''
497 343 566 376 aliis
588 343 749 376 favoribus
762 342 946 386 principum
969 348 999 375 et
1018 342 1238 386 praelatorum

496 406 796 439 quorumcumque,
824 395 872 428 vel
894 395 1055 435 aliorum,
1079 400 1115 427 ut
1138 405 1235 438 prae-

496 450 618 489 fertur,
644 454 732 481 extra
754 448 912 490 gremium
939 447 1157 487 existentium,
1185 458 1239 481 eo·

496 512 633 545 rumque
655 502 815 545 precibus,
846 508 897 534 aut
927 501 1234 545 pollicitationibus,

497 555 613 588 iniuste
638 565 674 588 ac
705 555 847 588 indebite
877 561 1037 595 extortas,
1074 566 1129 588 seu
1161 555 1238 588 alias

496 609 768 652 quandocumque
789 608 949 642 faciendas
963 615 991 642 et
1012 619 1072 652 pro
1094 614 1238 652 tempore

495 661 662 701 obtentas,
690 662 795 694 nullas
832 672 982 705 prorsus,
1018 661 1239 705 invalidasque

495 715 564 747 sore
585 720 614 748 et
635 725 713 754 esse,
731 721 761 747 et
775 715 927 748 adversus
949 725 1014 755 eos,
1036 715 1091 759 qui
1109 715 1158 748 his
1181 715 1239 747 mi-

495 777 555 800 nus
575 767 726 809 legitimis
746 768 926 801 rationibus
946 768 986 801 ad
1006 768 1148 809 regenda
1170 778 1239 801 mo-

496 820 646 861 nasteria,
667 831 722 853 seu
744 821 782 853 ad
804 821 866 854 alia
887 831 1112 864 quaecumque
1133 820 1239 853 officia

495 884 527 905 se
548 873 623 915 eligi
644 873 829 907 autassumi
847 873 1061 912 obtinuerint,
1083 883 1142 916 per
1156 873 1239 906 eius-

495 927 568 959 dem
589 926 854 969 Congregationis
878 926 1060 970 superiores
1091 926 1238 969 quando-

495 991 634 1024 cumque
651 981 783 1024 procedi
805 986 847 1020 et,
872 980 918 1013 rei
939 979 1071 1013 veritate
1096 979 1234 1022 cognita,

495 1033 664 1076 condignis
684 1033 807 1077 poenis,
830 1039 991 1077 tamquam
1014 1033 1163 1077 publicae
1184 1032 1236 1066 di-

495 1092 563 1119 ctae
576 1087 838 1130 Congregationis
851 1087 968 1131 quictis
979 1087 1235 1130 perturbatores,

495 1140 579 1173 affici
600 1151 692 1184 posse
724 1146 755 1174 et
777 1140 905 1174 debere.
941 1141 978 1173 Et
999 1140 1042 1173 ita
1063 1150 1122 1183 per
1143 1150 1239 1183 quos-

496 1204 635 1237 cumque
653 1193 775 1226 iudices
797 1199 827 1226 et
845 1192 1105 1233 commissarios,
1127 1192 1238 1236 quavis

496 1247 687 1279 auctoritate
720 1247 908 1289 fungentes,
941 1245 1037 1279 etiam
1068 1256 1237 1279 causarum

496 1300 603 1343 palatii
627 1300 793 1344 apostolici
823 1300 999 1340 auditores,
1028 1311 1063 1333 ae
1084 1300 1113 1333 S.
1138 1300 1173 1334 R.
1203 1300 1234 1333 E.

497 1354 693 1395 cardinales,
710 1354 835 1387 sublata
856 1354 901 1387 eis
923 1361 951 1387 ct
973 1365 1086 1387 eorum
1109 1354 1239 1387 cuilibet

497 1408 608 1452 quavis
637 1408 728 1441 aliter
757 1408 920 1441 iudicandi
951 1414 980 1441 et
1007 1408 1238 1451 interpretandi

497 1461 645 1494 facultate
673 1467 702 1494 et
723 1461 931 1502 auctoritate,
958 1461 1092 1494 iudicari
1114 1467 1143 1494 et
1162 1461 1241 1494 deli-

496 1515 556 1547 niri
578 1515 713 1553 debere,
739 1515 863 1548 irritum
893 1526 1022 1559 quoque
1049 1521 1079 1548 et
1099 1515 1193 1548 inane
1214 1515 1239 1548 si

494 1578 585 1600 secus
605 1578 703 1611 super
722 1567 771 1600 tiis
788 1578 805 1600 a
823 1578 986 1611 quoquam
1003 1595 1009 1608 ‚
1039 1567 1151 1611 quavis
1177 1578 1235 1600 au-

495 1621 652 1661 ctoritate,
675 1621 812 1655 scienter
837 1622 884 1655 vel
909 1621 1106 1664 ignoranter,
1136 1621 1240 1655 conti-

495 1675 575 1717 gerit
595 1676 756 1708 attentari.

541 1734 556 1767 ξ’
577 1729 608 1761 li.
644 1729 712 1762 Non
744 1729 947 1762 obstantibus
968 1728 1134 1772 quibusvis
1154 1739 1235 1772 apo-

495 1782 627 1821 stolicis,
651 1793 687 1815 ac
706 1782 736 1814 in
758 1782 1009 1826 provincialibus
1029 1788 1059 1815 et
1079 1782 1237 1826 synodali-

498 1836 555 1868 bus
573 1835 716 1869 conciliis
741 1835 834 1868 editis
854 1835 1060 1878 generalibus
1089 1835 1135 1869 vel
1169 1846 1239 1879 spc-

496 1889 631 1921 rialibus
669 1888 954 1921 constitutionibus
988 1894 1017 1921 ct
1054 1888 1235 1921 ordinatio-

496 1943 619 1983 nibus,
663 1954 698 1975 ac
720 1942 881 1975 (lictorum
911 1942 1176 1985 congregationis
1209 1949 1236 1975 et

496 1997 634 2034 t‘trtlinis,
655 1996 749 2029 etiam
771 1996 963 2033 iuramento,
988 1995 1238 2029 confirmatione

496 2051 690 2094 apostolis-a,
716 2050 760 2082 rel
793 2049 904 2093 quavis
933 2049 1083 2082 firmitate
1105 2049 1166 2081 alia
1188 2060 1239 2082 ro-

498 2104 628 2143 boratis,
652 2102 777 2135 statutis
798 2108 827 2135 et
847 2102 1149 2141 corisuetmtinitms,
1174 2102 1238 2145 pri—

498 2157 619 2197 vilegiis
639 2167 790 2200 quoquc,
822 2155 953 2188 indultis
978 2161 1004 2187 ct
1029 2155 1141 2188 litteris
1161 2165 1238 2198 apo-

495 2210 627 2247 stolicis,
653 2209 713 2241 illis
734 2215 760 2241 ct
782 2209 908 2241 illorum
928 2208 1161 2252 superiorilms,
1178 2209 1237 2241 sub

496 2263 753 2306 quibuscumqm·
782 2261 946 2294 tenoribus
973 2268 999 2293 ct
1036 2261 1167 2300 soi-uiis,
1201 2273 1236 2295 ac

496 2328 566 2348 sum
589 2316 754 2359 quibusvis
775 2315 926 2347 ctausutis
951 2321 977 2347 ct
1002 2315 1138 2348 ‹teci-ctis
1159 2326 1236 2348 cou-

496 2369 590 2401 rvssis
614 2376 640 2401 ct
669 2368 877 2401 ‹·ou[it'1uatis.
910 2368 1031 2407 Quibus
1062 2368 1233 2407 omuibus,

497 2423 620 2454 otiatusi
641 2433 699 2465 pro
719 2422 847 2454 illorum
866 2421 1036 2454 sunit-tenti
1055 2421 1236 2461 ita-rogatio-

498 2487 547 2511 uv,
569 2475 607 2506 ib·
630 2475 881 2518 illiseorumqiw
903 2474 975 2506 totis
990 2474 1153 2507 tenoribus
1165 2485 1236 2517 spc-

498 2529 603 2565 riatis,
639 2529 809 2571 ssu-vilica,
834 2539 979 2571 expressa
1002 2533 1032 2560 ct
1064 2527 1237 2563 iutlivitlua,

319 1804 429 1823 til-susuhc
445 1803 479 1823 ¹11:-

297 1833 422 1854 tupatortae.

499 2592 560 2612 nou
583 2587 686 2612 :mtrem
711 2593 766 2624 Ιιιί·
786 2581 945 2613 clausulas
966 2581 1131 2620 uentu-atvs
1154 2580 1236 2611 itlmu

501 2634 708 2677 iuupmtautvs
761 2634 880 2665 uit-utin
920 2645 973 2665 sou
1011 2633 1139 2676 ‹piat-ris
1177 2633 1236 2664 :itin

1021 252 1033 261 ι
1078 240 1261 265 nmmanmat
1281 240 1435 264 nontANUtu

2030 240 2082 266 An.
2099 239 2128 266 C.
2144 237 2213 268 1600

1273 288 1435 332 expressio
1466 287 1636 328 habenda,
1665 293 1717 321 aut
1739 288 1847 332 aliqua
1867 288 1928 322 alia
1953 298 2008 321 ex-

1272 341 1391 385 quisita
1415 342 1520 375 forma
1540 341 1579 374 ad
1599 341 1661 375 hoc
1681 342 1836 375 servanda
1857 342 1948 383 foret,
1976 342 2013 374 il-

1272 395 1377 428 lorum
1400 400 1538 435 tenores,
1562 405 1599 427 ac
1612 394 1636 427 si
1655 395 1694 428 de
1711 395 1808 428 verbo
1829 396 1869 428 ad
1881 396 2011 429 verbum

1272 447 1503 488 insererentur,
1527 448 1752 491 praesentibus
1772 458 1831 491 pro
1859 449 2013 492 expressis

1272 507 1303 534 et
1323 501 1449 535 insertis
1470 501 1636 541 habentes,
1652 501 1715 534 illis
1735 501 1812 534 alias
1830 501 1862 534 in
1882 511 1940 534 suo
1960 512 2013 535 ro—

1272 554 1350 587 bore
1374 554 1615 598 permansuris,
1647 554 1708 588 bae
1726 554 1794 588 vice
1825 555 2011 594 dumtaxat,

1272 613 1361 640 motu
1382 614 1413 640 et
1433 607 1568 641 scientia
1593 607 1764 648 similibus,
1788 607 1942 640 latissime
1961 607 2015 641 de-

1272 670 1433 703 rogamus,
1458 660 1627 693 contrariis
1656 660 1924 704 quibuscumque.
1952 661 2014 693 Aut

1272 713 1296 746 si
1317 713 1489 757 praedietis
1509 713 1755 756 Congregationi
1779 719 1809 747 et
1838 713 1990 747 fratribus
2003 741 2010 753 ,

1272 766 1320 799 vel
1345 767 1510 810 quibusvis
1530 767 1612 807 aliis,
1630 766 1846 800 communiter
1858 767 1907 800 vel
1928 766 2011 800 divi-

1272 819 1343 859 sim,
1372 820 1411 852 ab
1436 819 1620 864 Apostolica
1652 820 1692 853 sit
1721 819 1802 853 Sede
1828 820 2010 860 indultum,

1272 873 1358 916 quod
1384 873 1544 913 interdici,
1571 873 1724 917 suspendi
1753 873 1801 906 vel
1825 883 2012 906 excommu-

1272 927 1372 960 nicari
1394 937 1458 960 non
1471 927 1664 970 possintper
1680 927 1802 960 litteras
1823 927 2014 970 apostolicas

1272 989 1337 1013 non
1354 979 1508 1012 facientes
1526 979 1654 1023 plenam
1670 985 1700 1012 et
1713 989 1908 1023 expressam,
1924 989 1961 1012 ac
1974 980 2014 1012 de

1272 1033 1369 1066 verbo
1392 1033 1431 1066 ad
1451 1033 1598 1073 verbum,
1622 1033 1662 1066 de
1685 1033 1810 1067 indulto
1827 1033 2013 1067 huiusmodi

1272 1086 1481 1120 mentionem.

1316 1141 1332 1182 ξ
1353 1139 1383 1172 5.
1408 1140 1506 1173 Acut
1538 1139 1718 1172 litterarum
1740 1139 1925 1173 huiusmodi
1947 1150 2009 1173 no-

1272 1193 1340 1226 titia
1360 1193 1400 1226 ad
1421 1203 1534 1226 omnes
1554 1192 1658 1226 dictae
1678 1193 1942 1235 Congregationis
1951 1194 2013 1227 fra-

1274 1253 1336 1280 tres
1367 1247 1492 1281 facilius
1519 1247 1685 1288 deveniat,
1713 1248 1862 1281 volumus
1890 1247 1960 1281 illas
1980 1247 2012 1280 in

1272 1300 1477 1342 generalibus
1498 1305 1526 1333 et
1547 1300 1798 1343 provincialibus
1817 1301 1920 1334 dictae
1933 1301 2011 1334 Con-

1273 1353 1468 1396 gregationis
1494 1353 1642 1397 capitulis
1677 1354 1851 1397 quotannis
1883 1353 2013 1398 publice

1274 1407 1356 1449 legi,
1381 1406 1490 1451 ibique
1517 1407 1614 1439 lectas
1634 1416 1747 1439 omnes
1767 1407 1811 1440 sic
1833 1414 1957 1440 arctare
1978 1418 2013 1440 ac

1272 1460 1297 1493 si
1316 1460 1457 1502 legitime
1475 1459 1650 1503 unicuique
1671 1459 1837 1494 intimatae
1868 1460 2011 1501 fuissent,

1274 1513 1469 1557 illorumque
1483 1513 1637 1557 exemplis
1652 1514 1747 1548 etiam
1762 1514 1927 1558 impressis
1947 1524 2015 1548 ma-

1274 1578 1316 1601 nu
1336 1567 1461 1600 scribae
1481 1568 1584 1601 dictae
1598 1567 1872 1612 Congregationis,
1889 1567 1937 1601 vel
1951 1578 2011 1601 uo-

1275 1620 1345 1653 tarii
1367 1620 1499 1664 publici,
1523 1626 1578 1654 etc.

1317 1674 1431 1707 Datum
1453 1674 1573 1708 Romae
1593 1675 1678 1719 apud
1699 1675 1729 1708 S.
1744 1675 1874 1708 Petrum
1887 1674 1945 1707 sub
1959 1684 2014 1706 an-

1273 1727 1350 1760 nulo
1371 1726 1553 1767 Piscatoris,
1572 1727 1623 1760 ‹lie
1640 1737 1717 1761 xxm
1738 1726 1931 1766 decembris,
1944 1725 2015 1758 mil-

1274 1780 1386 1813 lesimo
1405 1781 1659 1821 sexcentesimo,
1688 1779 1894 1824 pontificatus
1914 1779 2013 1812 nostri

1273 1844 1358 1867 anno
1383 1844 1480 1867 nono.

1309 1897 1366 1924 Dat.
1384 1897 1426 1924 dio.
1437 1897 1471 1923 ⁶23
1487 1896 1640 1924 decembris
1659 1896 1733 1927 thtO,
1752 1896 1845 1932 pontif.
1864 1904 1906 1923 au.
1929 1904 1964 1922 ir.

2047 1148 2166 1169 Pubttcatin
2175 1149 2213 1170 lut-

2028 1175 2060 1196 ius
2079 1175 2213 1196 constitutio-

2028 1202 2059 1222 nis
2074 1202 2095 1222 iu
2114 1202 2212 1227 capitulis

2028 1227 2133 1249 sarienda.

1553 2055 1732 2091 tlcxxxvt.

1273 2155 1396 2188 laum-tio
1411 2155 1522 2198 oppidi
1541 2154 1648 2186 (lasti-i
1666 2153 1768 2186 l’tetu's
1783 2153 1816 2185 in
1836 2153 2011 2193 civilatem,

1316 2212 1344 2240 rt
1364 2208 1513 2240 artesiae
1533 2208 1637 2250 ipsius
1663 2207 1696 2239 iu
1719 2206 1938 2239 cathedralem
1955 2206 1972 2238 ¹.

1303 2297 1436 2323 Clemens
1451 2296 1620 2329 episcopus,
1635 2302 1740 2322 servus
1756 2301 1908 2322 servorum
1919 2294 1982 2326 Dei,

1413 2349 1448 2375 ad
1465 2351 1640 2382 perpetuam
1660 2347 1703 2375 roi
1720 2347 1903 2375 memoriam.

1318 2421 1348 2453 lu
1370 2418 1620 2463 supereminenti
1652 2418 1818 2451 militantis
1853 2417 2012 2450 Ecclesiae

1272 2473 1372 2511 solio,
1401 2479 1429 2505 ct
1455 2472 1650 2516 apostolicae
1677 2471 1842 2515 potcstatis
1868 2470 2008 2514 plenitu-

1273 2527 1346 2559 ‹liuc
1367 2537 1492 2558 summa
1508 2525 1731 2568 ltvtlmuptmis
1749 2525 1847 2557 nostri
1869 2523 2011 2566 benigni-

1275 2585 1335 2612 tun—
1357 2579 1532 2624 coustituti,
1561 2589 1644 2611 utun·
1668 2578 1697 2610 iu
1721 2578 1809 2610 novis
1832 2577 1962 2609 smtitms
1983 2582 2009 2608 ct

1313 2644 1318 2666 Ι
1345 2641 1377 2667 ttx
1398 2641 1491 2676 {lugi—st
1527 2641 1551 2666 iu
1568 2641 1667 2666 Suet-vt.
1683 2640 1814 2666 lli-urium.
