2253 3195
41 292 90 320 An.
111 290 139 316 C.
157 289 225 316 1599

82 405 223 434 indulgentias

41 434 140 455 basilicas
177 438 223 451 tisi-

42 460 133 490 tantihus
148 463 223 484 propo-

41 489 76 508 nit.

0 1362 7 1377 ¹*
60 1364 148 1385 Easdem
159 1363 225 1384 indul—

0 1390 7 1403 Ι·
45 1392 123 1417 fiontius
138 1391 224 1416 impedi·

0 1416 7 1430 ¹¹
44 1417 69 1438 tis
83 1422 166 1444 quoque
177 1422 224 1438 con-

0 1442 8 1456 ¹'
43 1444 105 1466 cedit.

63 2269 163 2291 Praelatis
171 2275 230 2296 prae-

51 2296 231 2322 cipit.utpoputos

51 2322 188 2344 hortentur-ad
196 2323 232 2342 liu·

51 2348 138 2371 immadi
166 2350 231 2370 indul-

52 2375 130 2400 nemias
159 2382 231 2397 conso·

52 2403 151 2429 quui-idas.

847 288 993 312 CLEMENS
1014 288 1070 311 vm
1092 288 1142 312 Pr.

239 338 357 371 tionem
379 337 551 370 indicimus
578 342 610 370 et
635 337 889 380 promulgamus.
911 337 979 375 Quo

239 391 308 435 ipso
328 390 460 424 lubilaei
482 401 567 424 anno
599 391 750 430 durante,
774 390 925 423 omnibus
945 402 980 422 u-

240 444 382 488 triusque
408 455 499 477 sexus
519 443 782 477 christifidelibus
804 454 876 476 vere
897 454 976 487 poe-

239 498 414 531 nitentibus
439 504 469 531 et
489 498 649 537 confessis,
667 498 721 541 qui
743 498 910 530 beatorum
924 497 979 530 Pc-

240 552 278 584 tri
310 558 341 585 et
372 552 461 585 Pauli
496 552 718 595 apostolorum
750 550 918 589 basilicas,
951 555 997 582 et*

238 607 269 640 S.
294 606 421 640 Ioannis
446 605 668 639 Lateranensis
692 616 729 638 ac
754 605 887 638 Sanctae
919 604 981 637 Ma-

238 660 304 693 riae
324 660 450 693 Maioris
472 660 510 692 de
530 659 613 692 Urbe
634 659 795 698 ecclesias,
808 658 905 691 semel
920 657 998 690 sal-·

240 719 301 746 tem
321 713 352 746 in
374 713 436 750 die,
453 723 511 756 per
534 712 661 754 triginta
679 711 848 745 continuos
867 716 919 744 aut
934 710 980 743 in-

238 766 401 799 termissos
432 765 521 805 dies,
552 765 576 798 si
608 765 741 799 Romani
775 765 822 797 vel
856 765 980 797 incolae

238 820 332 853 Urbis
353 820 482 859 suerint,
511 830 567 852 seu
597 830 655 863 per
683 819 868 863 quindecim
891 819 977 858 dies,

238 872 264 906 si
295 872 412 906 suerint
442 872 604 916 peregrini
636 878 690 905 aut
723 872 800 905 alias
836 871 978 911 externi,

239 926 352 960 devote
377 926 580 966 visitaverint,
604 932 634 959 et
659 936 718 970 pro
739 926 882 969 ipsorum
905 925 981 958 fide-

239 979 317 1012 lium
347 990 384 1013 ac
417 980 512 1013 totius
543 979 707 1013 christiani
738 979 848 1023 populi
882 980 983 1012 salute

239 1031 308 1075 pias
328 1031 366 1064 ad
388 1032 486 1064 Deum
506 1042 617 1074 preces
639 1031 821 1069 effuderint,
838 1031 983 1074 plenissi-

241 1096 326 1118 mam
347 1086 492 1118 omnium
507 1091 713 1129 peccatorum
732 1095 863 1118 suorum
879 1085 984 1118 indul-

240 1139 394 1181 gentiam,
422 1139 656 1179 remissionem,
681 1149 716 1171 ac
736 1138 860 1171 veniam
883 1139 980 1171 misc-

240 1192 413 1226 ricorditer
439 1192 470 1224 in
488 1192 625 1225 Domino
646 1191 854 1225 concedimus
871 1197 902 1225 et
922 1191 982 1224 im-

240 1245 410 1290 pertimur.

285 1302 301 1343 g
323 1299 352 1333 3.
376 1300 414 1333 Et
433 1299 586 1344 quoniam
609 1299 736 1333 evenire
756 1304 871 1343 potest,
892 1306 927 1333 ut
947 1311 982 1333 ex

241 1354 299 1394 iis,
323 1353 378 1397 qui
400 1353 459 1386 hac
489 1354 528 1386 de
548 1363 643 1387 causa
668 1353 728 1386 iter
752 1354 892 1395 aggressi
914 1354 982 1387 sue-

239 1407 314 1448 rint,
337 1408 385 1441 vel
407 1407 447 1440 ad
466 1407 585 1440 Urbem
607 1418 639 1440 se
660 1407 865 1448 contulerint,
884 1407 982 1451 aliqui

240 1461 272 1494 in
292 1461 362 1499 via,
387 1466 440 1493 aut
461 1460 556 1493 etiam
582 1461 613 1493 in
644 1461 712 1504 ipsa
735 1460 842 1501 Urbe,
868 1461 982 1494 morbo

239 1515 288 1547 vel
323 1514 386 1547 alia
416 1513 560 1556 legitima
593 1524 688 1547 causa
725 1513 892 1558 impediti,
929 1520 983 1547 aut

240 1574 343 1602 morte
371 1568 555 1612 praeventi,
578 1567 748 1611 praefinito
770 1568 895 1601 dierum
918 1579 982 1601 nu-

240 1632 331 1654 mero
352 1631 415 1654 non
438 1621 620 1664 completo,
641 1631 678 1653 ac
698 1631 737 1653 ne
759 1621 889 1664 quidem
912 1621 979 1653 for-

240 1681 321 1708 tasse
342 1675 492 1708 inchoato
507 1701 514 1714 ,
535 1674 710 1718 praemissa
731 1674 861 1718 exequi,
883 1681 913 1707 et
938 1675 983 1707 di-

241 1735 307 1762 ctas
326 1728 473 1761 basilicas
488 1733 516 1760 et
532 1728 682 1761 ecclesias
696 1728 787 1761 obire
801 1735 980 1772 nequeant·,

240 1793 299 1816 nos
319 1782 390 1826 piae
408 1787 642 1825 promptaeque
663 1782 792 1815 illorum
814 1783 980 1820 voluntati,

241 1842 399 1881 quantum
421 1835 454 1868 in
474 1835 611 1869 Domino
632 1846 821 1879 possumus,
846 1836 984 1879 benigne

243 1890 348 1923 favere
369 1889 546 1933 cupientes,
571 1889 701 1922 eosdem
726 1899 801 1922 vere
818 1889 985 1933 poeniten-

242 1949 288 1976 tes
308 1948 338 1975 et
358 1942 532 1981 confessos,
560 1942 742 1986 praedictae
767 1942 985 1985 indulgentiae

243 1995 483 2030 etremissionis
501 1995 674 2039 participes
694 1995 829 2039 perinde
849 1996 918 2029 fieri
933 2007 986 2029 vo-

243 2050 360 2089 lumus,
385 2059 422 2081 ac
441 2048 467 2081 si
485 2048 585 2081 dictas
606 2048 699 2082 Urbis
719 2049 866 2083 basilicas
887 2055 918 2083 et
934 2061 985 2083 ec-

244 2103 355 2137 clesias
368 2103 481 2136 diebus
497 2113 515 2135 a
535 2103 627 2136 nobis
643 2103 848 2148 praescriptis
868 2115 902 2137 re
920 2104 987 2148 ipsa

245 2157 436 2191 visitassent.

290 2212 306 2253 ἓ
327 2210 357 2243 4.
381 2210 442 2243 Vos
462 2215 569 2243 autem
592 2209 790 2243 venerabiles
804 2210 917 2243 fratres
931 2221 988 2243 no-

246 2264 302 2298 stri
323 2263 536 2307 patriarchae,
561 2262 731 2306 primates,
754 2262 987 2307 archiepiscopi

247 2323 277 2350 et
305 2317 458 2361 episcopi,
480 2316 513 2348 in
533 2321 657 2360 partem
683 2315 909 2349 sollicitudinis
930 2327 988 2349 no-

246 2377 330 2405 strae
350 2370 472 2411 vocati,
496 2371 593 2403 duces
619 2375 649 2403 et
674 2375 817 2414 pastores
847 2370 986 2414 populo-

247 2434 340 2464 rum,
364 2423 417 2456 lux
447 2422 579 2463 mundi,
604 2429 634 2456 et
660 2423 705 2456 sal
737 2428 863 2463 terrac,
888 2422 990 2466 capite

248 2477 339 2511 tubas
370 2482 559 2519 argenteas,
595 2487 731 2520 quarum
766 2487 842 2509 usus
878 2482 924 2509 cst
959 2476 990 2508 in

247 2531 400 2571 lubilaeo,
429 2530 510 2563 idest
538 2530 688 2563 adhibete
717 2529 1009 2574 praedicationem·

248 2584 336 2618 verbi
357 2584 423 2624 Dei,
441 2589 472 2617 et
492 2583 686 2617 annunciate
698 2583 825 2627 populis
839 2583 900 2616 hoc
913 2593 991 2625 gau-

250 2637 359 2678 dium,
386 2643 421 2670 ut
451 2637 687 2677 sanctificetur,
718 2642 749 2669 et
779 2636 833 2670 Dei
865 2636 992 2669 iuvante

250 2691 362 2735 gratia,
385 2691 489 2736 parati
513 2691 575 2725 sint
595 2690 634 2724 ad
666 2701 702 2725 ea
732 2690 881 2725 coelestia
909 2690 993 2724 dona

1014 336 1180 380 capienda,
1205 346 1286 379 quae
1311 336 1471 368 bonorum
1493 334 1637 374 omnium
1659 335 1757 378 largi-

1015 396 1064 422 tor
1081 390 1179 427 Deus,
1204 389 1276 422 filiis
1298 389 1478 422 dilectionis
1498 399 1574 421 suae
1590 416 1597 429 ,
1619 399 1676 432 per
1697 389 1756 421 mi-

1015 443 1181 475 nisterium
1196 443 1385 475 humilitatis
1397 447 1523 475 nostrae
1534 442 1738 485 praeparavit
1749 453 1757 482 ·,

1014 497 1174 536 adducite,
1193 497 1317 536 fratres,
1340 497 1435 529 verbo
1450 502 1480 529 et
1501 496 1658 540 exemplo,
1677 506 1755 540 par-

1015 551 1105 582 vulos
1119 550 1158 582 ad
1177 550 1272 582 huius
1287 549 1494 583 charissimae
1516 550 1626 582 matris
1644 550 1754 590 ubera,

1015 613 1097 646 quae
1121 613 1175 635 eos
1205 613 1262 646 per
1283 603 1484 645 evangelium
1506 603 1537 635 in
1559 603 1681 636 Christo
1703 613 1758 645 ge-

1015 656 1094 696 nuit,
1118 656 1268 689 adducite
1289 656 1372 689 filios
1393 657 1432 689 ad
1453 662 1596 700 patrem,
1621 667 1694 689 oves
1720 656 1759 690 ad

1017 715 1175 753 pastorem
1197 720 1372 749 summum,
1399 710 1545 742 membra
1574 710 1612 742 ad
1639 716 1756 753 caput,

1016 763 1127 796 fideles
1144 764 1183 796 ad
1205 764 1278 796 fidei
1301 770 1436 807 petram,
1455 764 1485 796 in
1504 774 1567 806 qua
1588 764 1691 796 omnis
1709 774 1760 797 ae-

1016 816 1157 850 dificatio
1185 817 1366 851 Catholicae
1392 817 1551 850 Ecclesiae
1577 822 1761 850 constructa

1017 870 1198 913 consurgit,
1216 870 1365 903 adducite
1378 871 1534 914 populum
1556 870 1595 903 ad
1613 870 1761 904 Sanctam

1018 925 1194 957 Romanam
1230 924 1426 963 Ecclesiam,
1464 929 1494 957 et
1527 924 1566 956 ad
1603 924 1761 965 gloriosos

1018 976 1180 1021 principes
1201 983 1303 1010 terrae
1324 977 1453 1009 Petrum
1476 982 1506 1009 et
1526 976 1677 1016 Paulum,
1707 976 1761 1019 qui

1019 1030 1201 1062 universum
1224 1030 1380 1063 mundum
1414 1030 1515 1072 legem
1545 1029 1672 1062 Domini
1698 1029 1758 1062 do-

1019 1089 1164 1122 cuerunt,
1183 1089 1213 1115 et
1233 1093 1371 1126 quorum
1393 1082 1484 1122 fides,
1503 1082 1641 1124 dignitas
1659 1088 1690 1115 et
1707 1092 1762 1114 au-

1019 1136 1169 1176 ctoritas,
1199 1136 1331 1178 indigno
1352 1136 1448 1169 etiarn
1476 1136 1508 1168 in
1540 1136 1677 1169 haerede
1697 1146 1762 1168 non

1019 1189 1137 1222 deficit.
1160 1190 1207 1222 Ad
1228 1200 1333 1222 sacras
1354 1190 1451 1232 igitur
1472 1189 1688 1231 indulgentias
1711 1200 1762 1222 ea-

1019 1255 1155 1287 rumque
1188 1244 1343 1277 salutares
1369 1244 1503 1284 fructus,
1528 1244 1598 1288 ipso
1629 1243 1761 1277 Iubilaei

1018 1308 1113 1338 anno,
1140 1298 1261 1330 Romae
1284 1297 1528 1341 percipiendos,
1548 1302 1659 1330 vocate
1684 1307 1759 1330 coe-

1015 1357 1096 1391 -tum,
1110 1356 1304 1393 congregate
1317 1350 1486 1394 populum,
1502 1350 1699 1383 sanctificate
1713 1360 1763 1382 ec-

1018 1404 1159 1444 clesiam,
1173 1404 1285 1437 docete
1301 1414 1375 1437 oves
1392 1404 1466 1436 fidei
1477 1409 1599 1436 vestrae
1612 1403 1759 1443 creditas,

1018 1459 1092 1502 quia
1113 1458 1254 1491 advenae
1277 1463 1308 1490 et
1334 1457 1496 1501 peregrini
1518 1467 1628 1489 sumus
1650 1456 1680 1489 in
1703 1457 1763 1490 hac

1017 1512 1099 1552 vita,
1121 1517 1151 1545 et
1173 1511 1332 1545 civitatem
1358 1511 1410 1544 liic
1431 1515 1675 1555 permanentem
1697 1520 1763 1543 non

1017 1566 1184 1605 habemus,
1207 1566 1264 1599 sed
1291 1566 1431 1599 futuram
1463 1564 1666 1608 inquirimus.
1688 1565 1763 1597 ideo

1018 1620 1092 1664 quia
1114 1620 1225 1653 breves
1246 1619 1313 1652 dies
1341 1624 1415 1652 sunt
1440 1618 1534 1651 huius
1558 1624 1688 1651 nostrae
1709 1628 1763 1650 ae-

1018 1683 1190 1706 rumnosae
1221 1672 1512 1717 peregrinationis,
1544 1677 1574 1704 et
1602 1671 1763 1704 nescimus

1019 1738 1081 1771 qua
1102 1727 1183 1760 hora
1202 1726 1434 1770 paterfamilias
1464 1730 1495 1758 et
1516 1736 1652 1769 sponsus
1676 1724 1764 1758 Chri-

1019 1787 1084 1814 stus
1098 1786 1250 1813 venturus
1263 1779 1324 1819 sit,
1346 1779 1467 1812 idcirco
1481 1779 1624 1821 vigilent,
1642 1784 1672 1812 et
1686 1778 1765 1810 lam-

1020 1835 1117 1878 pades
1137 1834 1287 1867 ardentes
1314 1839 1344 1867 et
1363 1833 1475 1877 plenas
1503 1833 1574 1866 oleo
1601 1831 1765 1866 charitatis

1021 1894 1051 1921 et
1071 1887 1311 1920 misericordiae
1331 1891 1457 1929 gestent
1484 1885 1515 1918 in
1541 1885 1705 1923 manibus,
1735 1890 1767 1918 et

1020 1941 1169 1974 festinent
1190 1940 1315 1983 ingredi
1341 1940 1372 1972 in
1395 1940 1480 1972 illam
1504 1939 1660 1982 requiem.
1686 1939 1765 1972 Nam

1021 1995 1045 2027 si
1071 2005 1215 2038 unquam
1237 1994 1329 2033 alias,
1351 2005 1436 2027 nunc
1454 1993 1657 2038 potissimum
1681 1993 1763 2033 irae,

1023 2049 1118 2088 rixae,
1144 2053 1172 2080 et
1195 2047 1427 2088 contentiones,
1450 2052 1479 2080 et
1499 2047 1673 2079 inveterata
1693 2045 1767 2079 odia

1022 2101 1214 2134 dimittenda
1231 2106 1364 2144 propter
1384 2100 1564 2139 Christum,
1588 2110 1674 2132 nunc
1694 2109 1764 2131 ma-

1023 2154 1106 2187 xime
1126 2164 1233 2187 servos
1260 2154 1350 2187 decet
1370 2152 1515 2186 misereri
1537 2161 1768 2185 conservorum

1022 2218 1167 2247 suorum,
1179 2207 1376 2240 utDominus
1388 2205 1657 2239 clementissimus
1671 2215 1767 2238 omne

1024 2261 1167 2294 debitum
1191 2261 1333 2294 dimittat
1350 2260 1405 2293 eis.
1430 2260 1520 2293 Nunc
1541 2258 1715 2302 praecipue
1736 2269 1770 2291 o-

1025 2324 1115 2347 mnes
1144 2313 1248 2346 carnis
1278 2313 1480 2356 impuritates
1506 2312 1705 2351 abluendae,
1736 2317 1770 2344 ut

1026 2368 1181 2411 templum
1192 2368 1246 2401 Dei
1266 2368 1423 2400 mundum
1439 2366 1490 2406 sit,
1503 2371 1534 2398 et
1548 2365 1769 2409 unusquisque

1024 2432 1078 2455 vas
1098 2432 1190 2454 suum
1213 2421 1376 2465 possideat
1400 2421 1431 2453 in
1453 2420 1577 2453 honore
1598 2425 1630 2452 et
1653 2419 1771 2452 sancti-

1026 2475 1185 2515 sicatione‚
1199 2481 1229 2508 ct
1246 2480 1352 2519 portet
1368 2474 1468 2508 Deum
1490 2473 1521 2506 in
1540 2483 1677 2516 corpore
1698 2483 1766 2506 suo.

1026 2530 1192 2562 Postremo
1214 2528 1317 2568 furta,
1341 2527 1492 2571 rapinae,
1513 2525 1689 2559 homicidia
1705 2553 1713 2566 ,
1741 2532 1772 2560 et

1027 2583 1194 2623 adulteria,
1208 2588 1238 2615 et
1251 2581 1360 2615 omnia
1371 2587 1501 2625 peccata
1515 2580 1767 2621 exterminanda,

1028 2642 1062 2669 ut
1074 2637 1220 2680 placetur
1241 2635 1286 2668 ira
1304 2635 1370 2675 Dei,
1388 2640 1417 2668 et
1438 2645 1503 2673 cos,
1521 2633 1575 2678 qui
1597 2633 1771 2667 christiano

1027 2689 1158 2724 nomine
1189 2689 1390 2733 gloriantur,
1414 2694 1567 2732 agnoscat
1587 2699 1659 2722 vere
1681 2688 1769 2722 chri—

1664 275 1727 309 507
1775 286 1823 312 An.
1841 287 1870 314 c.
1890 287 1957 313 1599
