2253 3195
22 270 23 286 ³
63 279 127 306 an.
148 277 263 304 &1597

893 275 1038 299 CLEMENS
1058 275 1116 298 'VIII
1137 275 1186 298 PP.

277 326 368 358 datae
397 324 615 368 praesentium
641 324 681 356 ad
710 324 898 357 eorumdem
932 333 1021 356 eom-

277 377 413 410 missarii
439 383 467 409 et
498 376 719 420 procuratoris
748 376 864 409 fiscalis
896 376 1018 408 instan-

277 431 365 471 tiam,
387 432 500 463 eodem
522 430 653 463 Caesare
673 440 731 473 per
753 430 870 462 dictam
889 429 1022 461 audien-

277 485 353 518 tiam
375 485 482 524 citato,
500 483 826 527 coiaparentibusquc
841 492 950 515 coram
966 492 1022 513 uo-

277 538 326 571 bis
355 538 474 571 eisdem
508 535 730 570 commissario
757 541 786 568 et
809 540 1021 578 procuratore

277 591 392 629 fiscali,
418 590 500 623 etin
522 600 616 623 causa
646 594 676 622 et
702 588 805 621 causis
836 587 1021 620 huiusmodi

279 644 429 678 concludi
456 649 482 676 et
512 642 740 686 pronunciari,
766 647 796 674 et
826 641 1022 674 definitivam

276 697 467 731 sententiam
489 697 629 739 desuper
650 695 738 731 ferri.
756 694 864 728 debita
884 705 957 727 cum
977 694 1023 726 in-

276 750 412 790 stantia,
436 748 695 793 postulantibus,
728 759 786 781 nos
811 748 954 780 volentes
975 747 1023 780 ius

276 813 369 836 suum
401 802 575 845 unicuique
601 802 719 842 tribui,
752 801 825 834 visis
856 800 1019 841 videndis,

277 856 487 890 consideratis
499 855 751 893 considerandis,
762 866 798 888 ac
812 855 945 888 servatis
958 865 1022 887 ser-

277 910 400 949 vandis,
418 910 450 942 in
464 920 559 942 causa
580 915 609 942 et
630 909 732 942 causis
746 908 931 941 huiusmodi
945 919 1022 941 con-

278 965 475 997 cludendum
506 969 536 996 et
566 963 848 1007 pronunciandum
886 963 953 995 sore
992 968 1023 995 et

278 1029 347 1050 esse
367 1017 526 1058 duximus,
544 1028 579 1050 ac
600 1017 817 1050 conclusimus
835 1022 865 1049 et
881 1026 1024 1059 pronun-

239 1094 241 1096 ·
279 1070 449 1111 ciavimus,
473 1075 570 1114 prout
589 1070 621 1102 in
642 1070 775 1102 caedula
797 1080 893 1101 manu
914 1075 1023 1102 nostra

97 1303 215 1324 nex-ouium
226 1302 265 1322 fuit

79 1330 106 1351 ad
123 1329 265 1350 devotationis

80 1356 205 1377 seutentiam
218 1362 264 1376 cum

79 1383 187 1406 mandatu,
202 1385 238 1403 etr.

278 1124 468 1167 subscripta,
497 1123 618 1156 tenoris
635 1123 809 1166 sequentis,
834 1122 979 1156 videlicet
996 1134 1002 1155 :

322 1176 436 1210 Christi
456 1176 587 1210 nomine
608 1176 767 1216 invocato,
791 1186 850 1220 pro
871 1175 1023 1209 tribunali

279 1230 437 1269 sedentes,
462 1236 492 1263 et
512 1230 617 1263 solum
637 1229 737 1263 Deum
754 1240 831 1273 prae
852 1229 952 1262 oculis
969 1229 1024 1261 ha-

279 1284 401 1325 hentes,
417 1295 475 1328 per
488 1284 571 1316 hanc
584 1288 727 1316 nostram
743 1283 939 1316 definitivam
954 1293 1025 1316 sen-

281 1338 424 1378 tentiam,
453 1348 550 1381 quam
572 1336 705 1370 serimus
726 1336 758 1368 in
779 1336 827 1369 his
847 1336 973 1380 scriptis
993 1336 1025 1368 in

281 1402 375 1425 causa
396 1396 427 1424 et
447 1390 561 1428 causis,
586 1401 667 1434 quae
686 1396 795 1423 coram
814 1390 921 1434 nobis,
942 1389 1026 1423 inter

280 1445 416 1478 dilectos
437 1445 521 1477 filios
546 1444 738 1486 magistrum
765 1444 901 1477 Paulum
921 1444 1022 1477 AEmi-

279 1498 359 1531 lium
374 1497 551 1537 Zacclfiam,
569 1497 731 1530 notarium
745 1503 905 1537 nostrum,
923 1502 951 1530 et
964 1497 1022 1530 Ca-

280 1562 388 1585 merae
397 1556 525 1584 nostrae
533 1550 735 1594 Apostolicae
745 1551 929 1592 generalem
939 1561 1026 1584 com-

280 1606 474 1645 missarium,
499 1616 535 1638 ac
554 1604 744 1649 Pompeium
765 1605 935 1644 Molellam,
959 1604 1025 1638 fisci

279 1659 381 1692 nostri
401 1664 648 1702 procuratorem
669 1659 866 1700 generalem,
888 1669 924 1691 ex
944 1669 1023 1699 una,

281 1718 310 1746 et
329 1714 496 1746 Caesarem
517 1712 693 1752 Estensem,
718 1712 757 1744 de
783 1718 811 1745 et
829 1722 925 1755 super
946 1723 1024 1756 ape-

281 1766 409 1804 ritione,
422 1765 606 1799 reversione
627 1771 657 1798 et
675 1765 878 1798 devolutione
893 1765 1028 1798 civitatis

248 1840 253 1847 ·
281 1826 311 1853 et
331 1821 466 1853 ducatus
486 1819 664 1859 Ferrariae,
686 1819 836 1862 illiusque
857 1819 1028 1852 comitatus

281 1879 312 1907 et
329 1873 503 1911 districtus,
518 1873 722 1916 aliarumque
736 1873 910 1913 civitatum,
926 1879 1027 1906 terra-

280 1938 364 1968 rum,
382 1932 560 1960 castrorum
581 1932 611 1960 et
631 1927 789 1966 locorum,
801 1927 921 1959 dudum
937 1937 954 1959 a
967 1927 1028 1960 Ro-

282 1980 386 2013 manis
410 1979 620 2012 Pontificibus
649 1979 952 2023 praedecessoribus
971 1990 1029 2013 no-

283 2033 356 2067 stris
376 2033 407 2065 in
429 2033 560 2065 seudum
590 2033 750 2073 datorum,
774 2044 831 2066 seu
852 2038 1025 2066 concesso-

283 2098 367 2127 rum,
391 2097 570 2130 eorumque
598 2086 787 2126 territoriis,
809 2087 1025 2127 districtibus,

283 2140 572 2180 iurisdictionibus,
589 2139 760 2181 fortalitiis,
776 2141 940 2179 membris,
955 2152 1028 2184 per-

283 2194 426 2228 tinentiis
458 2198 487 2226 et
520 2193 643 2226 iuribus
668 2193 845 2233 universis,
869 2195 1030 2238 rebusque

283 2249 353 2282 aliis
373 2249 406 2280 in
432 2247 509 2280 actis
538 2257 652 2279 causae
673 2252 704 2279 et
721 2257 891 2280 causarum
913 2247 1027 2281 huius-

285 2301 372 2334 modi
403 2300 498 2333 latius
524 2300 690 2340 deductis,
719 2305 749 2333 ct
775 2300 904 2333 illorum
931 2311 1027 2334 oeca-

283 2352 374 2399 sione
393 2365 502 2387 versae
523 2354 651 2386 suerunt
675 2359 705 2386 et
725 2358 902 2393 vertuntur,
926 2354 1027 2397 parti-

284 2409 343 2440 bus
368 2418 404 2440 ex
424 2407 544 2447 altera,
569 2406 725 2446 dicimus,
749 2406 1027 2449 pronunciamus,

284 2461 527 2500 sententiamus,
553 2460 756 2493 decernimus
777 2466 807 2493 ct
831 2461 1032 2494 declaramus

286 2516 403 2549 dictam
426 2514 586 2547 civitatem
608 2520 638 2547 et
658 2514 810 2547 ducatum
842 2515 1028 2555 Ferrariac,

286 2568 436 2611 illiusque
456 2567 645 2600 comitatum
667 2573 693 2600 et
717 2567 908 2608 districtum,
933 2567 1029 2601 alias-

241 2646 246 2647 γ
286 2631 348 2665 que
369 2620 522 2661 civitates,
540 2625 652 2660 terras,
676 2625 780 2653 castra
800 2625 831 2653 ct
851 2621 921 2653 loca
940 2631 1033 2664 prac-

288 2675 371 2708 dicta
391 2685 464 2708 cum
485 2684 597 2708 eorum
619 2673 798 2715 territoriis,
823 2673 1029 2715 districtibus,

1702 260 1761 294 381

1057 321 1342 362 iurisdictionibus,
1359 320 1529 361 fortalitiis,
1546 319 1710 356 membris.
1727 330 1799 363 per-

1057 375 1196 408 tinentiis
1217 387 1253 408 ac
1279 375 1401 407 iuribus
1422 374 1681 418 quibuscumque
1706 373 1800 406 fuisse

1057 434 1087 461 et
1107 440 1174 461 esse
1195 434 1317 472 aperta,
1344 434 1374 461 ct
1395 428 1433 461 ad
1454 428 1484 461 S.
1508 428 1544 460 R.
1565 427 1598 460 Ε.
1619 427 1800 470 Sedemque

1057 487 1087 514 et
1107 483 1272 515 Cttttlefflnl
1301 481 1518 525 Apostolicam
1545 491 1673 513 reversa
1693 485 1724 513 et
1743 480 1800 513 de-

1057 536 1174 573 voluta,
1199 545 1235 567 ac
1252 535 1281 568 S.
1311 536 1346 568 P..
1372 535 1404 567 li.
1430 534 1570 578 Sedique
1599 539 1628 567 et
1649 534 1801 567 Gamerae

1056 588 1230 632 praedictis
1251 588 1468 631 incorporata,
1484 588 1671 631 dictumque
1691 588 1802 621 Cacsa-

1057 652 1124 674 rem
1151 641 1189 674 ab
1211 641 1424 684 occupatione
1444 646 1475 674 et
1495 641 1679 674 detentione
1699 641 1802 674 dictae

1057 695 1202 732 civitatis,
1224 696 1379 733 ducatus,
1408 694 1594 735 civitatum,
1619 700 1777 727 terrarum
1792 722 1799 734 ‚

1058 755 1249 790 castrorum,
1270 750 1417 781 locorum
1440 754 1471 781 et
1490 748 1628 781 aliorum
1649 748 1800 792 supradi-

1058 809 1183 836 ctorum
1197 803 1425 842 amovendum,
1441 801 1635 834 eiiciendum
1649 807 1681 835 et
1694 802 1802 845 expel-

1058 858 1201 897 lendum,
1230 857 1411 900 Sedemquc
1433 861 1463 889 et
1482 856 1647 889 Camcram
1670 856 1800 899 praedi-

1058 918 1152 947 ctam„
1177 917 1203 944 et
1228 922 1287 954 pro
1308 922 1344 943 ea
1366 910 1468 943 dictos
1484 910 1619 943 Paulum
1640 910 1804 943 AEmilium

1058 964 1328 1009 commissarium,
1345 969 1377 997 et
1396 963 1586 1007 Pompeium
1607 968 1802 1006 procurato-

1060 1018 1215 1052 rem-sisci
1236 1018 1349 1057 nostri,
1370 1028 1426 1051 seu
1446 1017 1687 1051 substituendos
1707 1017 1747 1049 ab
1761 1016 1806 1049 eis

1058 1071 1233 1115 respective
1256 1071 1288 1103 in
1312 1070 1550 1114 possessionem
1572 1070 1675 1103 dictae
1698 1069 1807 1102 civita-

1061 1125 1108 1164 tis,
1132 1125 1277 1163 ducatus,
1294 1123 1469 1163 civitatum‚
1490 1128 1661 1162 terrarum,
1686 1127 1806 1155 castro-

1059 1178 1299 1217 rum,locorum
1322 1182 1351 1209 et
1377 1176 1516 1209 aliorum
1546 1175 1807 1219 supradictorum

1060 1231 1282 1263 immittendos
1303 1236 1330 1262 et
1354 1230 1564 1269 inducendos,
1593 1234 1625 1261 et
1644 1240 1701 1262 seu
1721 1239 1808 1262 asso-

1814 270 1863 297 An.
1880 269 1908 297 C.
1931 269 1997 297 1597

1859 863 1957 884 Caosmis
1973 868 2004 883 rc·

1819 891 1911 911 motione
1942 895 2005 915 prac-

1820 923 1889 940 missa,
1905 917 1925 937 in
1940 917 2004 936 ‹luca-

1820 946 1853 964 tus
1887 943 2004 969 9055055·ὶο-

1819 976 1866 991 neiu
1874 970 1949 990 eadem
1955 970 1975 990 C.
1984 970 2005 989 A.

1821 997 1903 1017 immitti
1921 996 1991 1017 debet.

1061 1285 1193 1318 ciandos
1214 1284 1282 1316 sore
1303 1289 1334 1316 ct
1354 1293 1421 1316 esse
1434 1310 1441 1323 ,
1465 1287 1563 1326 prout
1583 1281 1703 1315 dictum
1725 1282 1820 1315 Cae-⁷

1060 1348 1164 1371 sarem
1186 1347 1385 1374 amovemus,
1403 1335 1549 1369 eiieimus
1561 1340 1591 1368 et
1603 1334 1804 1379 expellimus,

1061 1397 1092 1425 et
1109 1390 1284 1434 respective
1302 1390 1420 1423 dictam
1438 1389 1554 1423 Sedem
1575 1394 1606 1422 et
1626 1389 1805 1429 Cameram,

1062 1451 1092 1478 et
1126 1455 1185 1488 pro
1213 1455 1250 1477 ea
1282 1443 1384 1477 dictos
1413 1443 1547 1475 Paulum
1579 1442 1744 1476 AEmilium
1779 1447 1810 1475 et

1061 1499 1264 1543 Ponmeium,
1288 1509 1343 1531 scu
1364 1497 1606 1531 substituendos
1627 1497 1666 1529 ab
1683 1496 1739 1536 eis,
1752 1507 1805 1530 re-

1061 1552 1201 1596 spective
1233 1551 1459 1591 immittimus,
1483 1549 1666 1584 inducimus
1692 1555 1723 1582 et
1753 1560 1810 1583 seu

1063 1606 1274 1644 associamus,
1305 1604 1502 1648 inducique,
1530 1603 1661 1636 immitti
1693 1608 1724 1635 ct
1753 1613 1810 1636 seu

1063 1659 1215 1692 associari
1233 1659 1439 1697 mandamus,
1461 1657 1649 1690 iactationes
1667 1668 1807 1700 quoque,

1064 1712 1315 1752 molestationes,
1337 1710 1567 1755 oppositiones,
1591 1710 1812 1754 perturbatio-

1063 1777 1130 1806 nes,
1150 1766 1344 1803 vexationes,
1372 1764 1602 1808 occupationes
1622 1769 1653 1796 et
1672 1763 1810 1807 impedi-

1064 1826 1172 1853 menta
1202 1830 1428 1863 quaecumque
1453 1829 1511 1862 per
1547 1818 1668 1851 dictum
1699 1818 1812 1851 Caesa-

1064 1885 1132 1907 rem
1161 1874 1190 1907 S.
1215 1874 1250 1907 R.
1275 1874 1308 1906 E.
1333 1872 1472 1916 Sedique
1494 1878 1525 1904 et
1544 1872 1695 1905 Gamerae
1721 1872 1809 1915 Apo-

1063 1928 1195 1961 stolicae
1217 1927 1256 1960 de
1277 1932 1308 1960 et
1327 1937 1425 1970 super
1455 1925 1630 1969 praedictis
1661 1924 1812 1957 omnibus

1064 1986 1094 2015 ct
1115 1980 1259 2024 singulis,
1273 1986 1303 2013 et
1320 1980 1451 2013 illorum
1473 1978 1655 2018 occasione,
1674 1988 1812 2021 quomo-

1064 2035 1186 2068 dolibet
1206 2035 1316 2075 factas,
1332 2033 1501 2078 praestitas
1521 2038 1552 2066 et
1572 2032 1687 2072 illatas,
1708 2032 1809 2065 facta-

1064 2099 1137 2132 que,
1162 2088 1314 2132 praestita
1336 2092 1366 2119 et
1388 2087 1475 2119 illata
1503 2085 1598 2118 fuisse
1619 2090 1647 2118 ct
1670 2095 1738 2117 esse
1759 2090 1808 2118 te—

1065 2142 1230 2180 merarias,
1254 2141 1392 2178 illicitas,
1421 2139 1580 2173 indebitas
1601 2144 1632 2171 et
1652 2138 1785 2171 iniustas
1801 2165 1808 2179 ,

1065 2195 1319 2238 temerariaque,
1348 2193 1476 2232 illicita,
1509 2191 1652 2225 indebita
1672 2197 1703 2224 et
1723 2191 1809 2224 iniu-

1065 2254 1122 2287 sta,
1140 2254 1167 2280 et
1188 2248 1227 2280 de
1244 2249 1327 2280 sacto
1348 2251 1573 2290 praesumptas
1591 2251 1621 2278 et
1639 2256 1809 2288 praesum-

1065 2306 1130 2344 pta,
1155 2300 1290 2343 illasque
1311 2306 1342 2333 et
1362 2300 1415 2332 illa
1433 2299 1519 2332 dicto
1548 2298 1672 2331 Caesari
1702 2298 1813 2331 secisse

1066 2359 1097 2386 ct
1120 2354 1224 2386 facere
1244 2353 1377 2386 minime
1398 2351 1526 2385 licuisse
1550 2361 1610 2383 nec
1640 2350 1750 2383 licere.
1778 2351 1814 2383 Et

1066 2412 1238 2450 propterca
1260 2406 1366 2439 eidem
1393 2404 1518 2439 Caesari
1540 2404 1572 2436 in
1598 2409 1629 2437 et
1654 2414 1753 2447 super
1777 2414 1813 2437 ο-

1067 2459 1195 2492 mnibus
1217 2465 1247 2492 et
1264 2458 1398 2501 singulis
1416 2457 1600 2501 praemissis
1620 2462 1813 2500 perpetuum

1066 2512 1230 2545 silentiun‘i
1253 2512 1486 2555 imponendum
1518 2511 1584 2543 fore
1613 2516 1644 2543 et
1668 2521 1753 2551 csse,
1777 2522 1814 2544 ac

1067 2566 1275 2610 imponimus,
1297 2565 1512 2608 mandataque
1534 2565 1572 2597 de
1593 2563 1810 2605 immittendo,

1067 2625 1098 2653 ct
1118 2631 1174 2652 seu
1196 2620 1235 2652 de
1257 2619 1463 2659 associando,
1488 2630 1524 2651 ac
1545 2618 1606 2651 alia
1632 2628 1810 2662 quaecum-

1067 2684 1129 2718 que
1148 2674 1286 2717 desuper
1307 2673 1487 2707 necessaria
1508 2678 1539 2706 ct
1558 2678 1743 2717 opportuna
1756 2672 1813 2705 de-
